2357 3984
2149 286 2189 322 ¹1

586 402 746 454 1042.
810 402 1070 464 Phippsia
1118 403 1304 465 algida
1358 403 1611 465 (Soland.)
1654 406 1717 450 R.
1761 407 1844 450 ΒΓ.

176 510 218 559 L
239 524 270 555 a
291 522 327 569 p
347 522 383 569 p
404 524 434 553 o
455 507 523 553 ni
550 523 579 553 a
637 509 677 554 P
699 523 726 553 e
745 512 767 553 t
791 522 814 551 s
838 523 868 553 a
889 521 941 551 m
964 523 995 552 o
1017 508 1043 551 e
1064 522 1097 552 n
1120 523 1142 551 s
1164 507 1176 553 i
1203 523 1241 560 s,
1283 507 1652 568 Haukilampi,
1681 507 1735 553 in
1764 507 1882 568 alpe
1912 508 2210 568 Pilguoaiv-

1299 579 1513 640 njunne,
1546 580 1660 626 loco
1690 580 1925 628 humido,
1982 580 2040 627 13
2073 582 2204 641 Aug.

1338 651 1414 697 93,
1446 693 1453 700 .

1316 654 1323 699 1
1346 696 1351 699 »
1409 652 1436 698 ἓ
1566 727 1662 785 leg.
1705 729 1767 773 N.
1809 727 2073 785 Soyrinki.

176 801 238 846 In
269 814 476 847 summa
508 798 784 860 Lapponia
817 814 931 845 rara
963 805 1059 846 est.

727 974 889 1027 1043.
953 934 1208 1038 Agrestis
1247 976 1576 1027 stolonifera
1613 977 1672 1027 L.

1019 1049 1101 1111 (A.
1141 1049 1254 1096 alba
1290 1048 1372 1112 L.)

176 1195 220 1243 T
240 1212 270 1244 a
290 1213 325 1243 V
348 1213 377 1244 a
399 1213 421 1243 s
443 1202 465 1243 t
486 1196 502 1242 i
527 1212 556 1244 a
613 1213 641 1243 a
663 1212 697 1242 u
719 1214 741 1241 s
762 1203 784 1243 t
811 1213 832 1241 r
854 1213 883 1243 a
904 1197 916 1241 1
941 1197 955 1243 i
979 1213 1017 1251 s,
1076 1212 1187 1257 par.
1214 1196 1573 1256 Longelmeiki,
1601 1196 1953 1259 Leinkipohjau
1977 1197 2031 1244 in
2057 1204 2211 1258 prato

1075 1269 1232 1329 juxta
1281 1270 1451 1331 ripam
1499 1270 1664 1317 lacus,
1738 1268 1796 1317 14
1846 1270 1945 1318 Iul.
2000 1268 2142 1319 1933.

1474 1375 1570 1433 leg.
1612 1373 1668 1421 T.
1710 1374 2076 1422 Kontuniemi.

177 1446 265 1495 Cfr
299 1463 351 1494 n.
393 1444 472 1494 47.

733 1666 893 1718 1044.
955 1666 1211 1728 Agrostis
1250 1666 1435 1717 tenuis
1488 1667 1663 1714 Sibth.

911 1740 992 1801 (A.
1031 1739 1256 1803 vulgaris
1291 1740 1480 1804 With.)

175 1890 338 1936 Kuu
357 1904 380 1935 s
402 1904 433 1936 a
454 1903 506 1934 m
529 1905 574 1944 o,
634 1887 942 1943 Akanlahti,
983 1887 1039 1934 in
1079 1893 1235 1949 prato
1273 1886 1430 1948 juxta
1470 1893 1719 1947 stagnum
1764 1887 2213 1951 Kuorikkilampi.

635 1959 699 2009 28
723 1960 820 2022 jul.
856 1958 999 2009 1916.
1050 1961 1350 2022 Specimina
1378 1961 1668 2010 distributa
1696 1977 1761 2008 ex
1789 1960 1972 2010 eodem
2001 1962 2215 2023 caespite

641 2040 803 2097 capta
839 2039 985 2083 sunt.

1360 2109 1456 2168 leg.
1494 2107 1634 2158 Edv.
1674 2108 1728 2156 af
1764 2108 2076 2156 Hellstro‘m.

174 2258 237 2303 In
264 2261 383 2304 tota
412 2254 695 2304 Finlandia
723 2255 1025 2317 frequenter
1053 2261 1147 2303 aut
1174 2255 1601 2317 frequentissime
1628 2260 1682 2303 et
1711 2254 1919 2317 copiose
1946 2283 2012 2289 ——
2040 2256 2213 2318 copio-

340 2329 546 2378 sissime
593 2329 770 2378 obvia.
841 2331 903 2377 In
953 2329 1228 2391 Lapponia
1276 2329 1457 2377 subito
1507 2328 1739 2385 rarescit,
1791 2327 1882 2377 sed
1929 2343 2097 2390 usque
2144 2328 2214 2378 ad

340 2417 608 2451 summum
637 2403 1052 2465 septentrionem
1079 2403 1362 2459 indicatur,
1395 2417 1722 2464 quamquam
1751 2418 1856 2450 non
1883 2402 1937 2449 in
1968 2402 2214 2451 omnibus

342 2477 587 2539 partibus
623 2477 870 2525 occurrit.

385 2697 545 2750 1045.
607 2697 860 2760 Agrestis
894 2697 1080 2749 tenuis
1113 2697 1288 2747 Sibth.
1328 2713 1440 2745 var.
1483 2696 1695 2744 aristam
1741 2696 1994 2759 (Hartm.)

180 2847 342 2893 Kuu
362 2861 385 2892 s
407 2861 437 2892 a
458 2860 511 2890 m
533 2861 578 2900 o,
638 2844 945 2900 Akanlahti,
985 2844 1041 2891 in
1082 2849 1237 2906 prato
1275 2843 1433 2905 juxta
1472 2848 1721 2904 stagnum
1765 2843 2214 2905 Kuorikkilampi.

641 2917 705 2967 28
732 2918 831 2967 Iul.
865 2915 1010 2966 1916.
1058 2918 1358 2980 Specimina
1384 2917 1674 2966 distributa
1700 2933 1765 2965 ex
1792 2917 1976 2965 eodem
2002 2917 2216 2979 caespite

643 2997 802 3054 capta
840 2996 985 3040 sunt.

1364 3065 1461 3126 leg.
1499 3064 1639 3115 Edv.
1677 3062 1731 3112 af
1766 3063 2077 3111 Hellstrom.

184 3138 272 3187 Cfr
312 3137 459 3186 1044.

698 3284 857 3337 1046.
919 3283 1169 3347 Agrostis
1209 3283 1446 3336 borealis
1485 3287 1698 3334 Hartm.

184 3434 584 3487 Kuusamo,
643 3432 952 3488 AkanlahtL
996 3432 1051 3479 in
1096 3437 1251 3494 prato
1294 3431 1566 3494 paludoso.
1637 3429 1695 3477 14
1740 3431 1839 3477 Iul.
1890 3426 2033 3477 1914.

1366 3519 1464 3580 leg.
1502 3519 1639 3570 Edv.
1678 3516 1732 3565 af
1768 3517 2077 3564 Heillstrom.

184 3593 272 3641 Cfr
305 3609 358 3641 n.
398 3592 514 3641 453.
