2357 3984
524 410 682 464 1022.
745 410 1078 473 selaginella
1133 411 1504 473 selaginoides
1540 412 1638 475 (L.)
1676 413 1816 466 Link

141 558 713 608 Ostrobottnia
770 557 1269 620 Kajanensis,
1327 573 1438 621 par.
1491 558 1764 617 Sotkamo‚
1818 559 2175 623 Haapaniemi

1330 632 1585 753 11133grat0
1627 634 1902 694 paludoso.
1965 632 1997 683 8
2040 635 2174 696 Aug.

1493 779 1591 840 leg.
1629 782 1699 828 M.
1738 780 2041 843 Lindqvist.

140 852 228 902 Cfr
261 869 314 901 n.
359 852 501 901 1021.

625 1133 785 1187 1023.
849 1133 1058 1186 Ιεοόῐθε
1098 1134 1532 1197 echinosporum
1571 1136 1700 1182 Dur.

137 1285 180 1335 L
200 1299 230 1331 a
251 1298 287 1345 p
308 1299 342 1345 p
362 1300 393 1329 o
413 1282 485 1329 ni
508 1299 538 1330 a
597 1284 649 1329 K
669 1299 697 1331 e
716 1298 770 1331 m
792 1299 820 1330 e
839 1298 874 1329 n
895 1298 918 1329 s
940 1282 954 1329 i
978 1298 1017 1338 s,
1076 1298 1188 1402 par.
1220 1282 1453 1403 M12igniQ
1484 1282 1540 1329 in
1568 1280 1794 1402 Ηὲῐηίηε
1820 1282 1978 1344 juxta
2004 1288 2178 1346 temp-

1098 1370 1210 1404 um.
1386 1357 1520 1417 Aug.
1571 1356 1593 1403 1
1640 1356 1717 1405 15.

1578 1504 1676 1565 leg.
1715 1506 1765 1563 J.
1805 1504 2043 1554 Montell.

137 1654 199 1700 In
240 1657 358 1700 tota
399 1651 506 1701 fere
548 1651 830 1701 Finlandia
879 1651 1124 1713 (Alandia
1164 1650 1408 1714 excepta)
1453 1657 1507 1699 et
1550 1651 1823 1714 Lapponia
1864 1651 2181 1701 occidentali

303 1732 356 1774 et
395 1725 618 1774 australi
656 1726 806 1774 varia
843 1725 1146 1788 frequentia
1181 1725 1466 1775 indicatur.

376 2007 536 2059 1024.
600 2006 974 2070 sparganium
1033 2006 1424 2058 submutieum
1465 2005 1718 2070 (Hartm.)
1757 2008 1948 2055 Neum.

815 2080 887 2143 (S.
925 2080 1285 2144 hyperboreum
1321 2079 1506 2143 Laest.)

137 2232 181 2283 L
201 2246 231 2278 a
253 2246 288 2292 p
310 2246 345 2293 p
368 2247 399 2277 o
419 2245 452 2276 n
474 2230 489 2276 i
514 2246 543 2277 a
600 2231 652 2276 K
673 2246 701 2277 e
720 2244 775 2276 m
795 2246 823 2277 e
843 2245 875 2276 n
900 2229 958 2276 si
981 2245 1020 2285 s,
1079 2244 1175 2291 par
1211 2228 1442 2284 Muonio,
1480 2228 1536 2275 in
1574 2227 1769 2290 palude
1805 2243 1968 2290 prope
2005 2234 2177 2291 temp-

1084 2303 1213 2351 lum.
1276 2302 1335 2349 12
1373 2302 1472 2350 Iul.
1516 2299 1663 2350 1916.

1580 2450 1677 2511 leg.
1717 2452 1767 2508 J.
1805 2449 2045 2498 Montell.

139 2601 200 2646 In
229 2599 504 2663 Lapponia
531 2605 585 2646 et
614 2599 656 2646 F
659 2598 899 2648 inlandia
926 2598 1124 2646 boreali
1150 2604 1234 2646 sat
1260 2597 1563 2660 frequenter
1589 2597 1791 2653 crescit,
1822 2595 1889 2646 ad
1906 2596 2182 2646 meridiem

303 2687 486 2722 versus
518 2688 688 2735 usque
722 2674 791 2722 ad
828 2672 1118 2722 Savoniam
1150 2671 1418 2720 borealem
1450 2671 1650 2720 lectum
1684 2676 1781 2719 est.

679 2954 838 3006 1025.
901 2954 1309 3016 Potamogeton
1349 2953 1556 3005 natans
1593 2954 1652 3005 L.

139 3102 524 3150 Tavastia
581 3102 989 3158 australis,
1047 3117 1158 3164 par.
1229 3099 1436 3156 Teisko,
1505 3100 1561 3147 in
1627 3100 1748 3147 lacu
1818 3097 2181 3160 Kirkkojarvi.

1050 3175 1130 3223 Fl.
1178 3173 1237 3222 13
1279 3174 1378 3222 Iul.
1426 3171 1569 3229 1919,
1611 3172 1674 3221 fr.
1719 3171 1779 3219 27
1823 3172 1922 3220 Iul.
1970 3169 2114 3221 1919.

1591 3319 1690 3380 leg.
1731 3322 1794 3366 R.
1834 3319 2046 3367 Idman.

143 3471 205 3515 In
235 3474 352 3516 tota
384 3467 491 3516 fere
523 3468 566 3515 F
569 3468 806 3517 inlandia
836 3466 1139 3529 frequenter
1170 3466 1375 3523 obvius,
1407 3467 1463 3513 in
1496 3465 1777 3514 Finlandia
1807 3465 2041 3514 maxime
2070 3481 2183 3530 sep-

308 3541 618 3589 tentrionali
665 3547 718 3589 et
764 3541 1041 3604 Lapponia
1088 3539 1321 3596 rarescit,
1368 3538 1459 3588 sed
1505 3541 1573 3587 ad
1620 3537 1711 3586 690
1756 3538 1863 3587 fere
1908 3538 2185 3601 procedere

310 3614 545 3663 videtur.
