2357 3984
182 222 262 264 262

585 342 745 396 1998.
802 343 962 396 Vieia
998 344 1372 408 tetrasperma
1411 346 1512 410 (L.)
1551 350 1792 398 Moench.

169 491 217 538 R
238 506 266 538 e
287 489 354 551 gi
376 506 408 539 0
464 491 511 539 A
531 489 566 538 b
587 506 617 538 o
638 494 667 539 ὃ
688 507 721 538 n
745 491 804 539 si
827 508 867 548 5,
925 508 1038 554 par.
1100 492 1249 554 Loj0,
1309 493 1409 543 irs.
1473 493 1682 552 Stororv,
1745 496 2015 554 Hermala,
2074 497 2216 546 inter

918 565 1141 616 frutices
1174 567 1226 615 in
1269 583 1399 630 rupe
1433 583 1697 618 muscosa.
1756 568 1786 616 4
1823 570 1924 619 Iul.
1966 569 2111 621 1942.

1406 716 1506 776 leg.
1546 716 1752 766 Harald
1789 717 2075 779 Lindberg.

164 785 253 832 Cfr
287 802 340 833 n.
382 783 497 835 276.

704 1097 867 1150 1999.
928 1098 1208 1161 Lathyrus
1246 1099 1505 1152 silvester
1541 1066 1631 1154 L.-

159 1248 206 1294 R
228 1262 256 1294 e
276 1245 343 1306 gi
366 1263 397 1294 o
454 1247 499 1295 A
519 1246 554 1294 b
576 1263 606 1294 o
627 1250 655 1295 e
676 1263 710 1293 n
733 1246 792 1294 51
814 1263 838 1294 5
913 1263 1026 1310 par.
1057 1247 1207 1310 Loj'O,
1243 1245 1511 1310 Syd-Lojo
1562 1250 1782 1307 Kauria,
1811 1250 1867 1298 in
1897 1251 2210 1312 graminosis

911 1337 1076 1387 prope
1119 1322 1466 1385 Biskopsneis.
1533 1323 1593 1372 12
1635 1324 1736 1372 1111.
1784 1321 1930 1373 1938.

1400 1472 1500 1533 leg.
1539 1472 1747 1521 Harald
1784 1471 2070 1534 Lindberg.

155 1618 218 1663 In
253 1615 534 1667 Finlandia
568 1618 789 1666 australi
823 1620 891 1668 ad
925 1636 969 1667 0.
1006 1618 1098 1666 620
1130 1619 1262 1668 satis
1296 1634 1414 1667 raro
1447 1626 1542 1668 aut
1577 1636 1694 1668 raro
1728 1620 1973 1669 occurrit.

753 1929 919 1982 2000.
975 1930 1134 1983 vicia
1173 1930 1470 1984 cassubica
1504 1934 1566 1985 L.

155 2081 200 2125 R
222 2095 250 2126 e
272 2079 338 2139 81
361 2095 392 2127 0
449 2080 495 2128 Α
515 2078 550 2126 b
571 2096 602 2127 0
623 2083 651 2128 ὃ
672 2095 703 2127 n
729 2096 753 2127 5
773 2080 788 2127 1
812 2097 852 2136 5,
911 2096 1023 2143 par.
1081 2080 1296 2137 Tenala,
1356 2080 1547 2138 Seuko,
1607 2080 1828 2139 Sundet,
1886 2081 2098 2145 copiose
2148 2081 2205 2130 in

906 2154 1037 2203 colle
1065 2154 1384 2216 graminoso,
1466 2153 1526 2203 19
1555 2155 1656 2204 Iul.
1691 2153 1837 2212 1942;
1865 2153 2026 2205 fruct.
2057 2155 2202 2220 Sept.

911 2226 1040 2277 1942
1082 2229 1184 2291 leg.
1234 2232 1294 2278 B.
1341 2229 1671 2283 Lindstrom.

1394 2378 1495 2439 leg.
1533 2377 1742 2428 Harald
1780 2377 2066 2440 Lindberg.

149 2526 319 2575 Locus
351 2524 540 2573 unicus
571 2525 627 2573 in
660 2525 962 2582 Finlandia,
999 2541 1138 2573 anno
1176 2523 1304 2574 1936
1336 2525 1544 2575 detexit
1578 2527 1721 2575 dom.
1775 2526 1838 2578 E.
1873 2527 1931 2574 F.
1967 2524 2023 2574 af
2054 2525 2202 2576 Hiill—

283 2601 475 2648 strom.
974 2598 977 2604 '

700 2895 863 2948 2001.
927 2896 1234 2949 Geranium
1274 2897 1537 2959 pratense
1573 2900 1634 2951 L.

151 3048 357 3093 Kuus
380 3060 553 3102 amo,
612 3061 723 3107 par.
766 3047 1062 3103 Kuusamo,
1107 3045 1444 3107 Paanafflrvi,
1488 3046 1759 3108 Kauppila
1797 3046 1852 3093 in
1892 3045 2023 3094 colle
2059 3045 2198 3093 51000

609 3118 769 3180 juxta
806 3121 1010 3168 (1011105.
1071 3119 1135 3167 26
1173 3121 1293 3168 Iun.
1337 3117 1485 3168 1936.

1389 3268 1489 3329 leg.
1527 3266 1735 3316 Harald
1771 3266 2059 3328 Lindberg.

148 3416 212 3463 In
244 3413 527 3464 Finlandia
558 3414 801 3464 orientali
831 3430 1000 3478 usque
1032 3415 1101 3465 ad
1133 3413 1308 3464 67010’
1342 3415 1582 3479 procedit
1613 3420 1667 3464 et
1698 3414 1882 3463 multis
1913 3413 2082 3478 plagis
2112 3431 2195 3462 co-

281 3488 429 3553 piose
468 3488 732 3551 provenit,
772 3488 828 3537 in
869 3495 1023 3554 parte
1063 3488 1382 3539 occidentali
1424 3505 1541 3537 raro
1581 3494 1636 3536 et
1676 3488 1752 3536 015
1793 3487 1883 3535 420
1922 3488 2062 3548 long.
2102 3486 2196 3537 vix

280 3561 380 3610 nisi
423 3561 707 3612 efferatum
748 3563 998 3611 occurrit.
