2357 3984
123 150 204 197 256

227 273 385 325 1972.
449 272 616 324 Ribes
660 272 894 324 rubrum
937 275 995 324 L.
1037 290 1150 321 var.
1190 273 1462 338 glabellum
1500 273 1723 323 Trautv.
1784 278 1830 323 δι
1870 279 2064 335 Meyer.

121 422 168 467 K
187 437 222 469 ιι
243 437 279 470 u
299 438 323 470 s
345 438 375 470 a
397 436 449 467 m
471 437 518 476 0,
577 436 689 482 par.
723 422 1018 477 Kuusamo,
1049 421 1430 482 Laajusvaara‚
1460 422 1514 470 in
1542 421 1807 470 umbrosis
1832 421 1990 484 juxta
2009 423 2159 475 ,rivu-

578 494 707 541 lum.
771 493 834 542 30
878 496 997 542 Iun.
1046 491 1194 542 1936.
1634 502 1637 505 “

1358 643 1458 703 leg.
1496 643 1703 691 Harald
1738 640 2024 705 Lindberg.

118 793 175 837 In
211 790 487 854 Lapponia
521 797 574 839 et
607 791 662 838 in
700 789 981 839 Finlandia
1016 790 1419 852 septentrionali
1452 790 1635 838 multis
1667 791 1797 838 locis
1827 791 2027 840 lectum
2061 797 2158 840 est.

741 1084 902 1137 1973.
964 1086 1145 1148 Dryas
1184 1085 1505 1149 octopetala
1541 1089 1598 1137 L.

117 1237 167 1282 K
185 1252 222 1283 u
242 1251 278 1283 u
299 1252 322 1283 s
345 1251 375 1283 a
397 1251 446 1281 m
471 1250 518 1291 o,
576 1250 689 1299 par.
721 1236 1016 1291 Kuusamo,
1047 1250 1168 1300 pag.
1198 1234 1472 1291 Alakitka‚
1504 1236 1719 1294 Juuma,
1750 1235 2158 1294 Jakalavuoma,

574 1308 629 1355 in
665 1324 795 1373 rupe
828 1315 1115 1371 praerupta,
1149 1308 1420 1357 umbrosa.
1476 1307 1507 1355 6
1541 1308 1641 1357 Iul.
1682 1306 1827 1358 1936.

1358 1458 1458 1518 leg.
1498 1456 1701 1506 Harald
1739 1456 2024 1519 Lindberg.

116 1608 178 1654 In
210 1606 432 1655 summis
463 1605 738 1653 montibus
770 1605 961 1669 alpinis
995 1606 1280 1670 Lapponiae
1311 1621 1449 1669 saepe
1480 1605 1964 1668 copioseoccurrit,
1997 1607 2161 1655 etiam

247 1680 303 1729 in
341 1695 490 1745 prov.
532 1680 811 1728 Kuusamo
846 1680 901 1728 in
941 1679 1224 1730 Firlandia
1259 1680 1663 1744 septentrionali
1697 1679 1836 1729 lecta
1873 1685 1971 1729 est.
2030 1679 2161 1730 Sub-

248 1754 443 1805 fossilis
486 1769 627 1803 anno
675 1752 802 1804 1897
844 1754 1003 1806 unico
1044 1754 1161 1803 loco
1201 1754 1257 1802 in
1302 1755 1511 1803 Isthmo
1557 1754 1803 1803 Karelico
1846 1754 1915 1803 ab
1957 1754 2160 1805 Harald

249 1827 521 1890 Lindberg
554 1828 697 1877 lecta
735 1834 835 1878 est.

469 2140 630 2193 1974.
690 2141 869 2194 Geum
908 2140 1084 2192 rivale
1120 2144 1179 2194 L.
1231 2153 1270 2192 ><
1325 2140 1391 2193 G.
1430 2139 1714 2193 urbanum
1752 2144 1810 2194 L.

122 2291 356 2353 Regio
414 2291 813 2346 Abo‘e‘nsis,
870 2306 984 2353 par.
1024 2290 1174 2352 Lojo,
1211 2290 1312 2338 ins.
1355 2291 1562 2346 Storiin,
1605 2289 1877 2346 Hermala,
1915 2289 1970 2339 in
2008 2287 2163 2337 fruti-

872 2370 990 2413 ceto
1049 2364 1208 2426 juxta
1272 2364 1444 2427 ripam
1506 2364 1653 2413 lacus
1714 2364 1855 2412 inter
1916 2368 2163 2427 parentes

872 2455 1127 2488 crescens.
1195 2438 1260 2487 23
1307 2440 1427 2487 Iun.
1480 2436 1626 2487 1941.

1359 2587 1459 2648 leg.
1498 2586 1703 2635 Harald
1740 2584 2027 2646 Lindberg,

122 2737 178 2782 In
223 2734 503 2784 Finlandia
541 2735 761 2784 australi
800 2735 983 2783 multis
1018 2734 1148 2783 locis
1183 2735 1384 2783 lectum
1419 2741 1518 2783 est.

573 3046 734 3098 1975.
797 3046 994 3098 Rubus
1032 3045 1361 3098 suberectus
1398 3048 1459 3096 G.
1499 3047 1824 3095 Andersson.

123 3195 145 3240 Ι
169 3211 193 3242 s
212 3200 235 3242 t
259 3196 294 3242 h
315 3210 369 3241 m
389 3210 425 3242 u
447 3211 470 3242 s
529 3196 579 3241 K
602 3211 630 3243 a
656 3211 678 3241 r
698 3212 726 3242 e
747 3196 761 3241 l
782 3195 798 3242 i
823 3211 851 3242 c
870 3211 906 3242 u
927 3211 967 3251 S,
1025 3210 1139 3260 par.
1206 3197 1406 3251 Rautu,
1474 3193 1710 3250 Raasuli,
1772 3193 1828 3241 in
1868 3190 2165 3242 declivibus

1019 3268 1353 3328 graminosis.
1420 3267 1479 3315 10
1521 3268 1622 3316 Iul.
1671 3265 1817 3316 1934.

1360 3417 1459 3476 leg.
1498 3415 1704 3463 Harald
1742 3412 2027 3474 Lindberg.

121 3488 209 3536 Cfr
243 3506 296 3537 n.
337 3487 452 3537 712.
