2357 3984
511 415 668 466 1348.
731 414 999 476 plantago
1041 425 1264 465 ramosa
1301 415 1442 474 (ΘΗ.)
1485 417 1723 464 Aschers.

110 565 133 610 Ι
153 580 177 611 5
197 568 222 611 t
241 563 276 610 h
296 577 350 609 m
371 577 406 609 u
426 578 449 609 s
509 562 559 608 K
579 578 609 609 a
633 578 655 608 r
676 579 703 609 e
723 562 739 608 1
759 562 774 609 i
796 578 824 609 e
844 576 880 608 u
900 578 940 617 s,
998 577 1108 623 par.
1163 559 1411 622 Terijoki,
1470 561 1781 622 Keskikylssi,
1835 564 2136 612 adventicia

999 633 1155 696 juxta
1201 634 1488 682 stationem
1532 635 1630 685 viae
1686 635 1879 685 ferreae.
1928 636 1988 684 25
2036 636 2134 685 Iul.

1011 706 1136 754 1934
1169 713 1221 755 et
1262 705 1319 755 17
1353 708 1451 755 Iul.
1491 706 1634 757 1935.

1416 856 1512 912 leg.
1551 857 1609 905 L.
1652 855 2000 916 Fagerstriim.

112 1005 168 1050 In
202 1002 421 1050 saburra
453 1009 556 1050 etc.
593 1019 707 1050 raro
739 1002 985 1050 occurrit.

677 1312 836 1363 1349.
899 1312 1174 1375 Asperula
1215 1311 1448 1364 odorata
1484 1314 1543 1363 L.

108 1460 345 1520 Regio
401 1459 801 1516 Abo'ensis
861 1476 971 1572 pgr.
1016 1459 1264 1579 Kustng
1307 1460 1404 1508 ins.
1449 1459 1747 1516 Finnholm‚
1790 1461 1841 1508 in
1885 1461 2135 1519 coryleto.

867 1533 919 1580 2„
967 1534 1083 1582 Iun.
1128 1533 1149 1581 1
1192 1532 1272 1582 32.

1426 1684 1523 1742 leg.
1562 1682 1622 1730 V.
1663 1681 1720 1732 L.
1759 1682 2001 1733 Luotola.

108 1830 167 1876 In
204 1828 482 1878 Finlandia
516 1828 733 1876 australi
767 1835 819 1877 et
853 1828 1027 1877 media
1062 1844 1176 1875 raro
1210 1835 1303 1876 aut
1339 1829 1599 1877 rarissime
1632 1829 1875 1878 occurrit.

677 2168 835 2221 1350.
898 2168 1172 2231 Asperula
1210 2168 1473 2220 tinctoria
1512 2171 1571 2220 L.

109 2317 289 2366 Sata
313 2319 501 2365 kunt
525 2334 570 2373 a,
630 2334 739 2439 pgr.
789 2319 1011 2437 Raugug,
1059 2316 1277 2373 Sorkka,
1323 2316 1375 2363 in
1421 2317 1551 2365 colle
1581 2332 1858 2365 nemoroso
1899 2315 2134 2380 (61010‘).

633 2391 660 2438 2
732 2391 832 2438 Iul.
876 2391 897 2438 1
943 2391 964 2439 1
1014 2431 1022 2438 .

1145 2540 1273 2600 legg.
1316 2537 1510 2587 Suoma
1548 2545 1601 2587 et
1642 2540 1708 2587 K.
1747 2540 1796 2597 J.
1835 2539 1999 2587 Valle.

107 2687 340 2735 Tantum
364 2688 479 2735 loco
505 2702 662 2748 supra
691 2687 853 2734 allato
880 2692 933 2734 et
958 2687 1073 2733 loco
1098 2687 1256 2733 unico
1280 2686 1333 2732 in
1362 2686 1588 2734 Alandia
1613 2686 1666 2733 in
1694 2684 1975 2734 Finlandia
1999 2687 2136 2734 lecta

242 2767 341 2808 est.

418 3099 577 3152 1351.
640 3098 862 3152 Galium
902 3100 1148 3163 palustre
1185 3102 1244 3150 L.
1271 3101 1296 3128 *
1323 3099 1648 3162 elongatum
1695 3101 1854 3148 Presl.

111 3247 521 3307 Nylandia,
579 3263 692 3363 pgr.
742 3248 944 3368 Perg‘}2
975 3246 1230 3303 Hardom,
1282 3249 1497 3307 Bengts,
1542 3246 1700 3307 juxta
1746 3246 1978 3295 rivulum
2023 3245 2132 3308 sqq.

591 3321 630 3367 1.
682 3321 867 3369 Ιι11.1.ἶ
956 3362 963 3369 .

1323 3469 1418 3528 leg.
1458 3468 1514 3516 F.
1556 3468 1634 3515 W.
1676 3465 1996 3527 Klingstedt.

112 3615 199 3663 Cfr
215 3631 265 3663 n.
286 3612 401 3663 956.
440 3614 762 3663 Distributio
779 3613 836 3663 G.
859 3616 1106 3676 *elongati
1140 3616 1192 3662 in
1213 3614 1491 3662 Finjandia
1508 3630 1612 3661 non
1632 3613 1730 3660 rite
1746 3612 2019 3672 explorata
2036 3616 2132 3658 ests.
