2357 3984
208 243 260 281 62

641 359 801 411 1264.
864 360 1182 422 Epilobium
1224 361 1617 413 Hornemanni
1649 364 1820 411 Rchb.

208 509 251 558 L
271 524 301 555 a
323 524 358 569 p
379 524 414 569 p
435 524 465 554 o
486 524 521 554 n
542 508 558 554 i
583 525 611 555 a
662 510 712 553 K
734 525 761 555 e
781 523 834 554 m
857 525 885 555 e
905 524 939 554 n
962 524 984 554 s
1006 508 1020 554 i
1044 525 1083 564 S,
1143 523 1255 569 par.
1282 509 1515 566 Muonio,
1540 510 1658 557 loco
1681 511 2070 572 scaturiginoso
2094 527 2260 575 prope

1145 588 1386 629 montem
1430 582 1790 631 Olostunturi.
1856 581 1884 631 7
1926 584 2060 646 Aug.
2109 583 2253 633 1915.

1642 731 1742 790 leg.
1782 733 1832 789 J.
1871 732 2112 780 Montell.

201 876 263 921 In
309 875 582 938 Lapponia
624 874 929 937 frequenter
971 875 1176 932 erescit,
1219 876 1274 922 in
1320 876 1602 925 Finlandia
1645 876 2046 939 septentrionali
2089 879 2250 927 etiam

368 947 624 997 occurris.

341 1213 500 1264 1265.
562 1212 879 1276 Epilobium
921 1214 1311 1265 Hornemanni
1352 1216 1524 1264 Rchb.
1578 1230 1611 1263 22<
1667 1216 1729 1266 E.
1771 1215 2024 1278 palustre
2056 1219 2114 1268 L.

200 1363 242 1413 L
263 1379 292 1409 a
315 1377 350 1425 p
371 1378 406 1423 p
428 1378 457 1408 o
478 1378 513 1408 n
534 1362 550 1408 i
575 1379 604 1410 a
663 1363 714 1408 K
735 1379 763 1410 e
782 1378 835 1408 m
860 1379 886 1410 e
906 1379 940 1409 n
963 1380 986 1409 s
1007 1363 1022 1410 i
1045 1379 1085 1415 s
1144 1379 1256 1425 par.
1313 1363 1547 1420 Muonio,
1602 1364 1721 1412 loeo
1774 1364 2035 1428 paludoso
2088 1380 2254 1428 prope

1136 1436 1420 1498 templum.
1460 1436 1491 1481 ‚Q
1510 1438 1644 1497 Aug.
1670 1436 1798 1485 1915
1817 1442 1871 1486 et
1894 1438 1917 1486 1
1939 1438 2074 1499 Aug.
2099 1435 2245 1486 1916.

1636 1586 1736 1645 leg.
1776 1587 1827 1644 J.
1867 1585 2110 1633 Montell.

196 1730 288 1779 Sat
329 1747 444 1779 raro
479 1731 620 1779 inter
655 1736 901 1793 parentes
936 1731 991 1778 in
1031 1732 1306 1794 Lapponia
1345 1738 1397 1779 et
1435 1732 1488 1778 in
1529 1732 1811 1780 Finlandia
1848 1732 2249 1794 septentrionali

363 1805 577 1853 crescit.

781 2026 942 2078 1266.
1005 2027 1273 2090 Hippuris
1312 2027 1562 2089 vulgaris
1597 2031 1655 2081 L.

194 2175 656 2231 Satakunta,
715 2191 825 2238 par.
876 2176 1202 2236 'KokemkikL
1258 2175 1440 2237 Sipilzi,
1490 2175 1546 2224 in
1596 2174 1765 2224 fundo
1812 2176 2003 2224 limoso
2053 2177 2246 2236 stagni.

720 2250 747 2291 Γ)
788 2251 922 2310 Aug.
968 2247 1115 2297 1932.

1621 2398 1722 2459 leg.
1761 2400 1819 2449 L.
1862 2396 2104 2458 Pohjola.

191 2546 252 2590 In
301 2549 421 2593 tota
470 2545 753 2593 Finlandia
802 2549 855 2593 et
905 2545 1198 2608 Lapponia,
1251 2551 1475 2607 excepta
1524 2550 1739 2593 ‘santum
1790 2548 2000 2606 regione
2049 2545 2244 2607 alpina,

356 2618 488 2666 satis
539 2616 848 2680 frequenter
898 2619 1165 2680 provenit.

672 2899 833 2950 1267.
898 2898 1164 2962 Hippuris
1204 2898 1547 2961 tetraphyna
1580 2902 1639 2952 L.
1678 2899 1758 2947 sil.

190 3048 235 3094 O
255 3062 278 3093 S
299 3052 322 3093 t
348 3062 370 3092 r
391 3064 421 3093 o
444 3048 478 3094 b
500 3064 530 3093 o
551 3054 574 3094 t
596 3053 618 3095 t
641 3047 766 3095 nia
824 3065 852 3095 a
874 3063 908 3095 u
931 3064 954 3093 s
975 3053 997 3094 t
1024 3063 1046 3093 r
1068 3047 1171 3095 ali
1194 3063 1234 3103 S,
1293 3062 1406 3109 par.
1456 3048 1709 3103 Korsnzi&
1753 3047 1809 3094 in
1853 3047 2010 3095 litore
2051 3047 2243 3093 limoso

1289 3120 1472 3169 maris.
1541 3120 1601 3168 221
1651 3120 1752 3168 Iul.
1806 3118 1950 3168 1917.

1589 3268 1689 3327 l'eg.
1730 3269 1791 3315 A.
1832 3265 2102 3319 Lindfors.

185 3416 245 3461 In
288 3415 538 3463 litoribus
579 3415 808 3464 marium
851 3415 1146 3464 Finlandiae
1186 3421 1239 3463 et
1283 3415 1569 3478 Lapponiae
1609 3415 1806 3477 passim
1848 3442 1913 3448 --
1954 3414 2084 3462 satis
2126 3430 2241 3462 raro

352 3488 558 3537 erescit.
609 3488 699 3537 Cfr
727 3488 931 3537 Harald
964 3489 1233 3548 Lindberg
1259 3489 1310 3535 in
1345 3489 1522 3537 Medd.
1556 3488 1671 3536 Soc,
1704 3503 1755 3549 p.
1789 3488 1845 3535 F.
1879 3494 1931 3535 et
1964 3487 2042 3535 Fl.
2076 3486 2236 3534 Fenn.

352 3564 566 3618 XXXI,
615 3579 666 3624 p.
720 3561 999 3610 107—-110.
