2357 3984
533 408 692 460 1277.
754 409 1102 462 Androsaees
1141 409 1566 472 septentrionale
1605 412 1660 459 L.

82 560 113 605 S
137 576 165 606 a
187 574 222 604 v
244 574 274 604 o
295 572 330 603 n
350 556 366 603 i
391 573 420 604 3
477 556 510 603 b
532 572 562 602 0
586 571 609 602 r
630 573 656 603 e
679 573 708 604 a
729 557 745 602 1
766 556 782 603 i
804 571 844 613 s,
903 571 1013 617 par.
1050 556 1238 615 Jorois,
1275 557 1632 613 Huutokoski,
1666 557 1781 605 loco
1814 557 2111 618 graminoso

897 629 1055 676 sicco,
1129 630 1187 676 15
1236 631 1354 677 Iun.
1410 627 1553 676 1916.

1393 777 1490 836 leg.
1529 776 1673 836 Maja
1711 779 1972 825 Arvonen.

79 848 166 896 Cfr
207 866 258 896 n.
305 848 419 903 320,
466 848 579 900 851,
626 848 742 895 852.

638 1069 795 1120 1278.
857 1069 1103 1120 Primula
1149 1069 1370 1121 sibiriea
1405 1072 1559 1130 Jacq.

75 1217 119 1264 O
140 1233 162 1264 s
184 1222 207 1263 t
232 1232 255 1264 r
275 1233 306 1262 0
328 1217 362 1264 b
384 1232 414 1263 ο
435 1223 458 1264 t
480 1222 503 1263 t
524 1216 595 1263 ni
620 1233 650 1264 a
705 1217 739 1263 b
762 1232 791 1264 o
815 1232 839 1263 r
859 1233 885 1264 e
907 1217 1010 1264 ali
1033 1234 1071 1268 s.
1131 1232 1241 1279 par.
1278 1217 1648 1278 Haukipudas,
1687 1217 2024 1277 Kellonkyla,
2057 1218 2112 1266 in

1122 1290 1294 1338 insula
1330 1289 1590 1346 Kraaseli,
1623 1290 1678 1337 in
1711 1296 1866 1351 prato
1896 1290 2113 1340 litorali.

1134 1362 1194 1411 20
1234 1366 1350 1411 Iun.
1395 1362 1540 1411 11932.

1436 1512 1535 1571 leg.
1575 1512 1637 1559 O.
1677 1510 1970 1573 Seppanen.

70 1658 151 1706 Ad
182 1656 341 1706 litora
374 1658 800 1720 septentrionalis
838 1658 992 1706 Sinus
1027 1659 1255 1706 bottnici
1290 1658 1456 1720 partis
1490 1664 1543 1706 et
1579 1656 1738 1706 Maris
1773 1658 1881 1706 albi
1913 1658 2108 1720 passim

233 1760 299 1766 ——
330 1732 461 1780 satis
494 1731 810 1794 frequenter,
847 1730 916 1781 ad
950 1735 1093 1781 Mare
1126 1732 1348 1793 glaciale
1381 1733 1545 1780 rarior
1576 1731 1820 1787 occurrit,
1857 1731 1924 1780 ad
1957 1732 2109 1781 meri-

233 1805 375 1854 diem
413 1821 596 1853 versus
634 1821 802 1867 usque
842 1807 906 1854 ad
948 1806 1069 1853 circ.
1113 1806 1201 1853 640
1243 1806 1529 1861 deseendit,
1574 1805 1666 1853 ubi
1706 1804 1970 1854 rarissima
2010 1811 2106 1854 est.

644 2115 807 2168 1279.
869 2116 1128 2168 Samolus
1162 2116 1464 2168 valerandi
1497 2119 1556 2169 L.

67 2266 147 2313 Al
170 2282 199 2313 a
220 2281 255 2311 n
278 2265 348 2313 di
371 2281 417 2321 a,
476 2266 774 2386 nggGem'
811 2267 1039 2321 Lbknas,
1073 2266 1128 2312 in
1159 2266 1314 2313 litore
1347 2280 1563 2313 arenoso
1595 2264 1830 2313 humido.
1886 2263 1949 2312 28
1982 2266 2099 2313 Iun.

488 2339 510 2386 1
552 2338 581 2386 3
627 2379 634 2387 .

304 2487 437 2548 legg.
481 2489 540 2534 B.
583 2486 766 2542 EnrOS‚
812 2485 990 2535 Maida
1032 2487 1306 2547 Palmgren
1348 2493 1399 2534 et
1441 2487 1643 2534 Harald
1684 2486 1964 2546 Lindberg.

61 2632 143 2682 Ad
168 2634 456 2682 australem
483 2634 775 2682 Finlandiae
800 2651 947 2682 oram.
976 2634 1237 2682 rarissime
1262 2633 1505 2690 occurrit,
1533 2640 1746 2682 tantum
1771 2634 1826 2680 in
1854 2633 2095 2687 fflandia,

227 2708 495 2766 Nylandia
533 2707 776 2756 orientali
817 2714 868 2755 et
912 2709 1124 2756 Karelia
1164 2707 1383 2756 australi
1421 2707 1623 2755 crescit.

227 3016 387 3069 1280.
448 3018 656 3070 statice
695 3018 937 3069 armeria
978 3021 1035 3068 L.
1081 3033 1192 3065 var.
1242 3018 1469 3078 elongata
1518 3016 1764 3078 (Hoffm.)
1810 3016 1916 3063 DC.

61 3165 111 3210 K
132 3179 161 3211 a
185 3178 208 3210 r
229 3165 290 3212 el
312 3165 327 3212 i
352 3182 382 3213 a
428 3182 458 3213 a
482 3181 514 3212 u
535 3182 558 3213 s
579 3171 603 3213 t
627 3181 650 3212 r
671 3182 700 3213 a
721 3166 737 3212 l
758 3165 774 3213 i
796 3182 835 3221 s,
895 3180 1005 3226 par.
1036 3163 1372 3220 Vehkalahti‚
1401 3162 1719 3219 Ristiniemi,
1747 3161 2089 3211 Hietaniemi.

896 3238 951 3285 in
994 3238 1151 3286 litore
1192 3237 1373 3286 maris.
1440 3236 1468 3284 2
1512 3236 1612 3285 Iul.
1662 3234 1807 3285 1932.

1399 3384 1497 3444 leg.
1538 3382 1716 3432 Inkeri
1754 3382 1951 3431 Taube.

57 3528 137 3578 Ad
169 3530 297 3579 litus
331 3532 560 3580 australe
595 3531 886 3580 Firflaediv
919 3532 1164 3582 occurrit:
1198 3537 1410 3578 tartum
1443 3531 1496 3577 in
1537 3533 1664 3587 Reg.
1700 3528 1941 3581 Aboensi‚
1979 3530 2083 3585 Ny-

218 3605 398 3653 landia
447 3611 498 3652 et
551 3605 764 3653 Karelia
814 3605 1031 3653 australi
1081 3606 1285 3652 crescit.
