2357 3984
229 199 312 241 248

752 316 912 369 1936.
975 316 1337 369 Seleranthus
1376 328 1603 369 annuus
1641 320 1693 370 L'

229 467 253 513 1
275 482 298 513 5
318 472 342 514 t
362 467 398 514 h
418 480 473 512 m
492 481 529 513 u
549 481 573 513 s
631 466 682 511 K
703 482 733 513 a
756 482 779 512 r
799 466 861 513 el
882 465 898 513 i
923 481 949 512 c
969 481 1005 513 u
1024 482 1065 521 s,
1124 481 1234 526 par.
1275 464 1581 527 PyhajervL
1623 467 1947 526 Rantakylz't,
1983 466 2037 513 in
2073 476 2263 529 campo

1125 555 1346 658 ageqnloso
1388 538 1545 600 juxta
1589 540 1689 587 lac.
1737 538 1969 600 Ladoga.
2037 538 2099 587 30
2146 541 2260 588 Iun.

1136 614 1282 660 item

1468 762 1568 821 leg.
1606 761 1809 809 Harald
1846 761 2128 821 Lindberg.

227 913 287 957 In
319 909 601 959 Finlandia
631 909 851 957 australi
880 924 1049 971 usque
1080 910 1149 957 ad
1180 908 1270 956 620
1301 907 1621 971 frequenter,
1652 908 1924 957 interdum
1952 908 2266 971 frequentis-

357 984 490 1033 sime
523 982 729 1039 obvius;
764 981 955 1032 deinde
989 984 1057 1032 ad
1092 981 1183 1030 630
1217 982 1527 1045 plerumque
1559 982 1758 1045 passim
1788 982 2072 1040 invenitur,
2108 997 2266 1046 supra

358 1059 501 1106 hunc
553 1055 775 1119 gradum
828 1063 1011 1106 autem
1062 1057 1374 1119 plerumque
1427 1072 1573 1104 rarus
1625 1062 1717 1105 aut
1773 1056 2105 1105 adventicius
2158 1073 2267 1105 esse

358 1130 593 1181 videtur.

695 1382 854 1435 1937.
917 1383 1227 1445 Nymphaea
1264 1384 1561 1444 tetragona
1599 1384 1807 1445 Georgi.

228 1532 262 1581 S
283 1549 312 1581 a
332 1550 368 1581 v
391 1549 421 1580 o
441 1533 566 1580 nia
623 1549 653 1580 a
673 1548 709 1580 u
730 1549 753 1580 5
774 1537 797 1579 t
822 1548 845 1579 r
866 1532 1031 1588 alis,
1090 1548 1201 1594 par.
1257 1532 1477 1580 Mikkeli
1536 1531 1631 1593 (st.
1686 1531 1918 1594 Michel),
1971 1532 2026 1579 in
2078 1538 2269 1593 stagno

1090 1605 1235 1654 Pieni
1279 1605 1601 1668 Likolampi.
1664 1605 1727 1653 25
1769 1606 1903 1666 Aug.
1951 1603 2095 1654 1935.

1609 1755 1708 1815 leg.
1747 1754 1926 1803 Helmi
1964 1753 2133 1802 Tulla.

228 1828 318 1876 Cfr
352 1845 406 1876 n.
450 1827 596 1877 1171.

440 2080 600 2133 1938.
666 2080 1120 2144 ceratophyllum
1160 2080 1479 2133 demersum
1516 2084 1576 2133 L.
1624 2097 1738 2129 var.
1788 2080 2106 2144 apiczdatum

769 2154 971 2218 (Cham.
1009 2162 1063 2204 et
1102 2155 1266 2218 Schl.)
1305 2156 1546 2211 Aschers,
1587 2172 1631 2203 c.
1669 2154 1732 2203 fr.

228 2304 308 2352 Al
331 2320 360 2352 a
382 2320 412 2352 n
439 2303 509 2353 di
532 2321 579 2361 a,
635 2320 748 2367 par.
774 2304 815 2352 F
818 2304 1057 2360 instriim,
1086 2303 1292 2364 Godby,
1317 2303 1746 2366 frequentissime
1765 2303 1820 2351 in
1843 2309 2034 2364 stagno
2057 2302 2271 2363 Godby-

635 2379 805 2427 trivisk.
866 2377 895 2426 3
937 2378 1084 2441 Sept.
1130 2376 1277 2426 1942.

1467 2527 1567 2588 leg.
1604 2525 1808 2574 Harald
1847 2524 2134 2586 Lindberg.

231 2600 322 2648 Cfr
356 2617 411 2648 n.
454 2600 602 2649 1172.

697 2869 858 2920 1939.
921 2870 1119 2923 Aetaea
1158 2870 1558 2933 erythroearpa
1596 2870 1772 2918 Fisch.

231 3016 283 3062 K
301 3032 336 3064 u
358 3033 393 3065 u
414 3034 438 3065 s
461 3035 491 3066 a
511 3033 566 3065 m
586 3035 632 3074 o,
690 3034 803 3081 par.
840 3019 1134 3075 Kuusamo,
1171 3018 1506 3080 Paanajzirvi,
1538 3018 1594 3066 in
1626 3018 1852 3079 abiegno
1883 3015 2271 3066 humidiusculo

688 3091 845 3153 juxta
891 3091 1211 3154 Kuloharju.
1276 3091 1340 3140 30
1383 3092 1483 3140 Iul.
1533 3090 1680 3141 1936.

1468 3241 1568 3302 leg.
1606 3239 1811 3289 Harald
1847 3238 2133 3300 Lindberg.

229 3389 292 3435 In
326 3388 545 3437 australi
577 3394 631 3437 et
664 3388 841 3437 media
874 3395 1026 3453 parte
1060 3388 1470 3437 Fennoscandiae
1504 3387 1774 3436 orientalis
1806 3386 1937 3435 satis
1969 3386 2270 3449 frequenter

358 3461 585 3510 inveniri
617 3460 847 3519 Videtur,
883 3468 1118 3511 ceterum
1148 3462 1204 3510 in
1236 3467 1356 3511 tota
1390 3461 1665 3526 Lapponia
1698 3467 1752 3510 et
1785 3459 2070 3522 provinciis
2103 3458 2266 3508 orien-

360 3535 561 3584 talibus
606 3536 918 3598 plerumque
964 3552 1080 3585 raro
1125 3551 1397 3585 occurrere
1440 3536 1670 3586 videtur.
