2357 3984
2071 195 2149 235 15⁴5>

436 307 597 359 1590.
658 307 982 360 Hieraeium
1022 311 1500 362 macro-auricula
1533 313 1725 365 Lindb.
1764 313 1840 362 fil.

456 381 541 437 (H.
580 381 848 444 gracilipes
884 384 1054 432 Norrl.
1091 384 1146 431 in
1182 386 1380 441 sched.,
1419 402 1522 433 non
1564 388 1630 434 K.
1669 385 1813 447 Joh.)

909 456 1048 505 Sect.
1088 458 1129 504 A
1141 457 1417 506 nricnlina.

115 601 526 661 Nylandia,
586 618 695 664 par.
750 604 1050 662 Kyrksffitt,
1100 604 1155 652 in
1205 611 1359 667 prato
1405 606 1543 654 inter
1596 597 1823 665 Osterby
1873 612 1925 655 et
1979 608 2145 663 Kurk,

581 690 686 723 una
722 692 765 724 c,
805 677 871 723 H.
912 675 1147 724 auricula
1183 694 1434 727 crescens.
1505 679 1532 726 2
1569 680 1648 726 Iul
1690 677 1832 727 1907.

1359 825 1455 886 leg.
1495 827 1696 875 Harald
1734 826 2012 887 Lindberg.

114 968 192 1016 Ab
228 968 297 1016 H.
337 967 567 1017 auricula
605 972 663 1021 L.
701 970 870 1018 colore
905 971 1180 1020 calathidii
1215 972 1530 1029 obscuriore,
1569 972 1742 1034 ligulis
1777 973 1964 1021 subtus
2001 973 2149 1036 palli-

243 1041 493 1099 dioribus,
536 1059 650 1091 raro
689 1044 876 1104 exigue
915 1044 1291 1101 rubrostriatis,
1332 1046 1472 1106 stylo
1510 1046 1810 1094 obscuriore
1847 1046 2044 1096 differt.

116 1116 172 1162 In
214 1115 497 1164 Finlandia
535 1122 750 1164 tantum
790 1118 905 1165 loco
943 1133 1102 1180 supra
1143 1118 1306 1166 allato
1344 1119 1542 1167 lectum
1583 1127 1679 1168 est.

634 1584 793 1637 1591.
856 1585 1182 1638 Hieraeium
1222 1588 1508 1640 suecicum
1547 1590 1630 1638 Fr.

637 1677 748 1709 var.
787 1665 1078 1709 connectens
1115 1663 1287 1712 Norrl.
1332 1662 1535 1725 (auctor
1569 1663 1749 1725 vidit).

872 1735 1011 1784 Sect.
1050 1735 1382 1785 Auricnlz‘na.

111 1886 144 1935 S
165 1902 195 1933 a
215 1902 251 1933 V
273 1901 303 1932 o
324 1883 393 1930 ni
419 1899 449 1930 a
503 1882 537 1930 b
560 1899 590 1930 o
613 1898 636 1929 r
657 1900 684 1931 e
704 1883 771 1931 al
792 1883 808 1930 i
831 1899 868 1937 s,
929 1900 1038 1945 par.
1093 1884 1282 1943 Jorois,
1337 1884 1636 1945 Jarvikyla„
1688 1885 1741 1932 in
1796 1901 1984 1948 campo
2035 1902 2146 1946 gra·

932 1956 1152 2005 minoso.
1210 1957 1236 2004 7
1272 1958 1371 2006 Iul.
1412 1955 1555 2007 1911.

1351 2106 1449 2167 leg.
1488 2106 1691 2155 Harald
1729 2107 2010 2167 Lindberg.

106 2253 465 2304 Calathidium
511 2252 573 2299 25
617 2267 726 2299 mm
768 2253 953 2308 latum,
998 2253 1173 2313 ligulae
1215 2253 1402 2316 planae,
1447 2253 1636 2302 subtus
1680 2254 1998 2316 pallidiores,
2043 2271 2146 2302 non

240 2325 619 2382 rubrostriatae‚
660 2326 917 2387 stigmata
957 2326 1124 2376 dilute
1162 2327 1322 2383 lutea,
1366 2326 1738 2390 polliniferum.

108 2402 315 2464 Species
348 2400 403 2448 in
439 2399 719 2448 Finlandia
755 2400 973 2449 australi
1008 2405 1061 2449 et
1094 2400 1271 2449 media
1304 2400 1606 2463 frequenter
1639 2402 1883 2450 occurrit.

113 2916 268 2968 1592.
331 2916 652 2968 Hieracium
686 2916 971 2968 sueeieum
1004 2915 1087 2965 Fr.
1129 2913 1470 2968 >“hollolense
1513 2919 1682 2967 Norrl.
1730 2918 1934 2979 (auctor
1968 2917 2146 2968 vidit).

879 2991 1018 3040 Sect.
1056 2990 1385 3040 Auricnlina.

108 3138 150 3185 T
170 3155 200 3186 a
220 3156 255 3185 v
278 3155 307 3186 a
328 3155 350 3185 s
371 3140 432 3187 ti
456 3155 484 3186 a
542 3156 571 3186 a
592 3155 626 3186 u
648 3155 670 3185 s
691 3145 714 3185 t
739 3155 762 3185 r
783 3155 812 3186 a
835 3140 850 3185 l
872 3139 887 3186 i
911 3155 950 3194 s,
1010 3155 1120 3201 par.
1161 3138 1433 3195 Asikkala,
1472 3139 1525 3186 in
1565 3145 1718 3201 prato
1754 3139 1892 3187 inter
1931 3140 2143 3197 Vaaksy

1009 3219 1060 3261 et
1095 3213 1195 3261 lae.
1235 3212 1508 3273 Paijanne.
1570 3212 1619 3260 11
1663 3212 1761 3260 Iul.
1805 3209 1947 3259 1909.

1350 3361 1447 3419 leg.
1488 3359 1690 3407 Harald
1729 3358 2010 3416 Lindberg.

113 3506 170 3551 In
217 3505 469 3554 Tavastia
515 3506 734 3554 australi
780 3512 830 3554 et
878 3506 1106 3554 Savonia
1150 3506 1348 3554 boreali
1392 3507 1590 3552 lectum
1635 3510 1731 3552 est.
