2357 3984
2011 236 2090 275 209
2132 232 2135 235 ’

499 338 654 406 1772.
719 354 1046 416 cystopteris
1083 353 1295 416 fragilis
1334 351 1432 415 (L.)
1475 353 1665 400 Bemh.

664 442 774 474 var.
811 425 1097 474 Dickiecma
1139 425 1307 488 (Sim.)
1347 428 1523 473 Moore

793 498 868 558 (C.
907 499 1148 547 Bcenitzii
1182 496 1374 559 Desrfl.)

76 649 475 702 Kuusamo,
533 662 644 708 par.
706 648 997 702 Kuusamo‚
1059 649 1273 705 Juuma,
1334 648 1796 701 Lammasvuoma,
1856 647 1909 693 in
1969 662 2095 709 rupe

535 719 770 767 calearea
809 720 1077 768 umbrosa.
1144 717 1172 766 7
1215 720 1313 768 Iul.
1363 717 1508 767 1936.

1305 867 1402 926 leg.
1440 866 1643 914 Harald
1680 866 1960 925 Lindberg.

69 1014 164 1062 eff
199 1031 250 1062 n.
295 1012 439 1061 1774.

422 1291 580 1345 1773.
646 1291 978 1355 cystopteris
1018 1294 1289 1345 montana
1335 1293 1524 1356 (Lam.)
1564 1295 1754 1341 Bernh.

77 1443 279 1489 Kuus
302 1456 473 1496 amo,
530 1456 642 1502 par.
708 1441 1001 1497 Kuusamo,
1065 1439 1442 1501 Latajusvaara,
1506 1440 1560 1487 in
1622 1442 1883 1489 umbrosis
1941 1441 2096 1503 juxta

532 1514 780 1562 rivulum.
835 1513 898 1561 30
932 1515 1049 1562 Iun.
1089 1511 1235 1562 1936.

1305 1663 1402 1722 leg.
1440 1661 1644 1710 Harald
1681 1663 1961 1723 Lindberg.

82 1812 139 1856 In
178 1812 455 1858 Kuusamo
489 1815 542 1857 et
577 1810 630 1856 in
666 1811 941 1872 Lapponia
978 1825 1094 1858 raro
1126 1809 1333 1870 legitur.

411 2091 569 2142 1774.
629 2091 917 2155 Aspidium
960 2090 1356 2143 Robertianum
1390 2090 1487 2152 (L.)
1519 2092 1772 2143 Luerssen

77 2241 125 2286 K
144 2254 180 2286 u
200 2255 236 2286 u
258 2255 281 2287 S
304 2256 333 2287 a
355 2254 408 2285 m
431 2257 477 2296 ο,
534 2255 645 2302 par.
678 2211 969 2296 Kuusaino,
1003 2239 1443 2301 Kulmakkapuro
1471 2255 1634 2302 prope
1661 2255 1779 2302 pag.
1813 2240 2094 2302 Kauppila,

530 2313 889 2434 itg3tgmbrosis
930 2312 1086 2374 juxta
1130 2312 1375 2369 rivulum,
1421 2313 1531 2361 solo
1574 2313 1825 2362 calcareo.
1891 2312 1952 2360 25
1998 2313 2096 2361 Iul.

537 2387 559 2434 1
676 2428 684 2436 .

1307 2535 1404 2594 leg.
1444 2535 1645 2582 Harald
1682 2534 1964 2594 Lindberg.

77 2683 134 2728 In
180 2683 470 2738 Kuusamo,
519 2682 733 2730 Karelia
776 2681 1034 2743 Onegensi
1078 2687 1131 2729 et
1175 2681 1510 2730 Olonetsensi
1554 2697 1670 2729 raro
1712 2682 1915 2730 crescit.

517 2963 673 3015 1775.
734 2962 1025 3026 Aspidium
1062 2962 1383 3026 thelypteris
1419 2961 1517 3024 (L.)
1553 2962 1651 3010 va.

77 3110 101 3155 Ι
121 3124 145 3156 s
164 3114 189 3157 t
209 3110 245 3157 h
266 3124 319 3155 m
339 3124 376 3156 u
396 3125 420 3157 s
478 3110 528 3155 K
549 3125 579 3157 a
603 3125 627 3155 r
647 3109 746 3157 eli
769 3125 797 3157 c
815 3124 852 3156 u
872 3125 911 3165 S,
992 3123 1111 3173 par.
1158 3107 1365 3163 Muola.
1425 3109 1682 3169 Kyyrblia'„
1738 3110 1793 3157 in
1849 3108 2102 3158 fruticeto

984 3181 1141 3243 juxta
1184 3182 1430 3232 rivulum.
1478 3180 1542 3233 15
1591 3184 1724 3245 Aug.
1767 3181 1912 3231 1936.

1308 3331 1406 3392 leg.
1445 3330 1648 3380 Harald
1684 3330 1966 3392 Lindberg.

80 3477 138 3524 In
175 3476 457 3526 Finlandia
491 3477 712 3526 australi
749 3483 803 3525 et
840 3478 1014 3526 media
1048 3493 1215 3539 usque
1250 3477 1318 3527 ad
1355 3478 1567 3527 Ostrob.
1608 3476 1966 3538 Kajanensem
2002 3477 2100 3524 lec-

212 3555 331 3597 tum
372 3555 472 3598 est.

2050 3650 2097 3689 14
