2357 3984
436 370 593 422 1356.
657 371 878 422 Galium
919 371 1167 433 mollugo
1206 376 1262 424 L.
1321 387 1352 418 ><
1405 373 1468 424 G.
1508 386 1700 425 verum
1729 377 1788 427 L.

101 521 119 564 1
144 535 167 565 s
187 524 210 564 t
232 519 267 566 h
288 532 343 564 m
364 533 398 564 u
419 534 442 564 s
501 518 552 563 K
573 533 603 564 a
628 533 651 564 r
671 533 698 565 e
719 520 734 564 l
755 518 771 564 i
794 534 821 564 c
842 533 876 565 u
898 534 936 574 s,
995 533 1106 579 par.
1146 520 1369 574 Rautus,
1404 520 1458 565 in
1493 535 1682 582 campo
1716 537 1933 570 arenoso
1964 522 2121 584 juxta

994 590 1283 640 stationem
1331 591 1430 638 viae
1476 591 1653 640 ferreae
1704 596 1901 643 RautU.
1951 595 1981 643 6
2021 590 2125 644 Iul(

1003 662 1148 712 1934.

1329 812 1427 872 leg.
1467 812 1669 861 Harald
1705 814 1984 875 Lindberg.

98 959 394 1020 Specimina
425 957 713 1007 distributa
745 973 809 1006 ex
840 974 946 1006 una
979 959 1154 1006 radice
1184 965 1341 1020 capta
1372 965 1513 1007 sunt.
1566 961 1714 1008 Inter
1744 967 1987 1022 parentes
2018 977 2120 1008 non

232 1048 347 1080 raro
383 1031 587 1080 crescit.

679 1268 838 1321 1357.
901 1269 1169 1320 Lonicera
1208 1269 1520 1331 xylosteum
1559 1272 1616 1321 L.

95 1417 139 1464 T
159 1433 188 1464 a
209 1433 244 1465 v
266 1433 296 1464 a
317 1433 340 1464 s
360 1422 384 1463 t
404 1417 421 1464 i
444 1434 479 1464 a·
531 1433 560 1464 a
580 1432 616 1463 u
636 1433 660 1464 s
680 1422 704 1463 t
727 1432 751 1463 r
771 1433 801 1464 a
822 1417 838 1463 1
858 1417 874 1464 i
896 1433 935 1473 s,
993 1432 1103 1480 par.
1129 1417 1418 1475 Tyrvantb,
1445 1418 1785 1475 Malkiainen,
1814 1418 2122 1475 Kariniemi‚

995 1490 1048 1537 in
1096 1491 1332 1551 margine
1376 1491 1523 1539 silvae
1568 1490 1846 1542 frondosae.
1899 1490 1959 1540 14
2005 1494 2122 1541 Iun.

1003 1562 1143 1612 1932.

1376 1713 1471 1773 leg.
1512 1712 1712 1761 Hilkka
1748 1713 1988 1765 Linkola.

100 1862 157 1907 [n
190 1827 469 1908 Frnlandia
510 1860 729 1907 australi
769 1860 1077 1921 plerumque
1105 1888 1173 1892 —
1201 1859 1331 1907 satis
1360 1860 1662 1922 frequenter
1691 1862 1759 1909 ad
1790 1860 1879 1909 620
1910 1866 2004 1909 aut
2035 1861 2126 1909 630

230 1933 490 1995 provenit,
524 1934 577 1980 in
613 1932 891 1981 Finlandia
925 1933 1098 1981 media
1131 1933 1442 1995 plerumque
1473 1950 1590 1982 raro
1622 1950 1790 1999 usque
1822 1935 1891 1984 ad
1926 1934 2017 1983 640
2043 1933 2122 1982 50'

230 2006 476 2055 occurrit.

671 2228 830 2281 1358.
892 2229 1160 2281 Lonieera
1198 2230 1454 2281 coerulea
1491 2232 1550 2282 L.

98 2378 147 2422 K
168 2392 203 2424 u
223 2392 259 2424 u
280 2393 304 2425 S
326 2394 356 2425 a
376 2392 432 2424 m
453 2393 497 2432 ο,
558 2394 667 2438 par.
716 2380 1009 2435 Kuusamo,
1053 2378 1493 2440 Kulmakkapuro
1544 2379 1612 2427 ad
1663 2377 1933 2439 Sovajoki,
1970 2377 2125 2439 J'uxta

557 2451 788 2499 rivulum
820 2451 874 2498 in
910 2451 1044 2499 silva
1080 2451 1449 2500 subumbrosa.
1514 2450 1576 2498 26
1617 2453 1734 2500 Iun.
1783 2449 1928 2500 1936.

1332 2600 1428 2659 leg.
1468 2600 1671 2648 Harald
1708 2599 1989 2660 Lindberg.

100 2748 158 2793 In
190 2745 471 2794 Finlandia
501 2752 718 2794 tantum
762 2746 815 2793 in
851 2747 1128 2794 Kuusamo
1159 2754 1213 2795 et
1245 2711 1497 2794 orientali⁵
1521 2752 1673 2809 parte
1703 2713 1990 2811 Lapponiae¹
2023 2712 2126 2794 Ke-

229 2819 421 2868 mensis
443 2836 560 2868 raro
583 2820 786 2868 erescit.
830 2822 892 2867 In
914 2821 1090 2869 media
1112 2826 1264 2882 parte
1288 2820 1513 2868 Kareliae
1536 2820 1806 2868 orientalis
1827 2819 2127 2882 frequenter

230 2893 497 2956 provenit.

470 3130 630 3183 1359.
688 3130 984 3183 Valeriana
1021 3130 1412 3183 sambueifolia
1449 3131 1633 3179 Mikan
1668 3130 1747 3179 fil.

97 3278 139 3325 T
160 3294 189 3324 a
210 3295 246 3325 v
267 3294 297 3326 a
317 3293 341 3325 s
361 3283 386 3325 t
405 3278 422 3326 i
445 3294 475 3326 a
538 3294 568 3326 a
588 3293 624 3325 u
644 3294 668 3325 s
688 3284 713 3326 t
735 3294 759 3325 r
779 3295 809 3326 a
829 3281 846 3326 1
865 3279 882 3326 i
903 3295 943 3335 S,
1001 3294 1112 3343 par.
1166 3277 1372 3336 Teisko‚
1419 3279 1473 3326 in
1526 3278 1763 3338 margine
1813 3277 1963 3325 fossae
2015 3276 2124 3336 agri

997 3352 1155 3414 juxta
1187 3352 1447 3415 praedium
1480 3351 1740 3399 Teiskola.
1780 3351 1802 3399 1
1840 3350 1940 3398 Iul.
1979 3346 2121 3397 1917.

1537 3499 1634 3557 leg.
1675 3499 1739 3545 R.
1779 3497 1986 3545 Idman.

99 3575 156 3618 111
194 3587 385 3631 magna
418 3576 571 3633 parte
605 3571 898 3621 Finlandiae
932 3573 1193 3633 provenit.
1791 3588 1820 3591 *v
1926 3591 1929 3593 ,
