2357 3984
2103 199 2185 238 203

538 307 696 359 1753.
761 308 1082 361 Hieraeium
1124 311 1598 363 savo-karelieum
1639 315 1807 362 Norrl.

981 413 1119 462 Sect.
1156 413 1361 477 Rigida.

166 558 207 601 Κ
231 573 261 603 a
284 572 307 602 r
327 574 354 604 e
374 558 387 602 1
410 557 424 603 i
449 574 478 605 a
534 558 567 603 b
589 575 619 605 ο
642 574 665 604 r
686 576 711 606 e
735 575 764 606 a
784 560 798 604 1
820 559 835 605 i
858 576 896 614 S,
955 575 1064 621 par.
1106 552 1303 619 Juuka,
1345 563 1697 617 Ahmovaara,
1739 562 2087 626 Halolanpiiz'i,
2125 568 2179 612 in

956 633 1137 694 pineto
1155 633 1312 694 juxta
1332 634 1476 682 viam
1498 634 1786 696 publicam.
1833 637 1853 683 1
1880 638 2010 697 Aug.
2038 636 2180 687 1942.

1389 782 1485 842 leg.
1524 781 1727 830 Harald
1765 782 2046 844 Lindberg.

157 924 213 967 In
255 922 482 971 Savonia
521 925 716 972 boreali
758 931 810 972 et
855 927 1068 974 Karelia
1107 928 1304 975 boreali
1346 929 1550 976 crescit.

484 1377 642 1428 1754.
704 1376 1027 1429 Hieraeium
1067 1379 1617 1442 floeeimarginatum
1661 1385 1851 1432 Brenn.

976 1482 1114 1531 Sect.
1152 1482 1356 1546 Rigida.

144 1631 194 1674 N
213 1629 552 1688 ylandia,
610 1645 720 1691 par.
772 1630 1071 1750 Kyrgzslfitt,
1125 1622 1369 1691 Osterby,
1422 1633 1831 1682 Kvambacken.
1877 1634 1932 1681 in
1977 1634 2179 1697 pineto,

617 1702 679 1749 22
712 1703 810 1751 Iul.
850 1703 871 1750 1
914 1702 996 1751 «⁰18.

1382 1853 1479 1913 leg.
1518 1854 1719 1901 Harald
1758 1854 2040 1916 Lindberg;

139 1997 290 2047 Locis
324 1997 505 2060 paucis
534 1997 590 2045 in
624 1997 894 2058 Nylandia
926 1999 1122 2046 lectum
1156 2006 1253 2047 est.

465 2483 623 2535 1755.
685 2483 1010 2536 Hieraeium
1050 2484 1600 2547 floeeimarginatum
1644 2490 1833 2536 Brenn.

608 2585 1061 2639 *Paer-Haraldii
1098 2589 1291 2641 Lindb.
1330 2590 1406 2638 fil.
1442 2606 1495 2638 n.
1533 2591 1714 2652 subsp.

960 2692 1097 2740 Sect.
1136 2691 1342 2754 Rigida.

138 2839 184 2883 K
205 2852 239 2884 u
259 2852 295 2885 u
315 2855 338 2885 S
360 2855 390 2886 a
412 2853 463 2884 m
488 2856 533 2893 o,
593 2855 702 2901 par.
736 2841 1035 2896 Kuusamo,
1066 2841 1180 2887 loco
1205 2840 1344 2888 sicco
1369 2840 1424 2888 in
1451 2841 1586 2889 silva
1613 2842 1783 2890 mixta
1808 2842 1946 2891 inter
1977 2843 2169 2905 Rajala

562 2918 643 2983 'et
681 2915 858 2960 Paana
890 2912 1050 2973 juxta
1082 2913 1183 2961 lac.
1222 2913 1561 2975 Paanajssirvi.
1622 2914 1680 2962 13
1716 2915 1813 2964 Iul.
1855 2914 2000 2964 1936.

867 3061 1001 3121 legg.
1042 3041 1142 3107 ΡΞΠ
1177 3061 1381 3109 Harald
1417 3067 1470 3109 et
1509 3062 1712 3111 Harald
1748 3062 2029 3124 Lindberg.

128 3204 215 3252 Cfr
255 3220 307 3253 n.
357 3202 501 3254 1754.
565 3206 646 3254 Ab
687 3206 758 3255 H.
800 3205 1228 3269 jloccimargz'nczto
1274 3210 1464 3256 Brenn.
1508 3208 1814 3257 calathidiis
1857 3210 2163 3271 majoribus,

258 3278 430 3340 ligfflis
462 3279 786 3340 longioribus
821 3286 874 3328 et
907 3279 1045 3327 foliis
1079 3280 1401 3340 longioribus
1437 3282 1934 3344 angustioribusque
1967 3283 2164 3333 differt.

262 3379 328 3385 ——
367 3352 661 3401 Harald
719 3353 1125 3414 Lindberg.

130 3423 198 3472 H.
223 3423 711 3488 floccimarginatum
737 3429 927 3475 Brenn.
952 3427 1197 3488 typicum
1221 3433 1435 3475 tantum
1459 3428 1587 3475 locis
1612 3430 1794 3491 paucis
1816 3430 1871 3476 in
1897 3430 2166 3489 Nylandia

260 3498 459 3546 lectum
498 3504 596 3548 est.
