<?xml version="1.0" encoding="UTF-8"?>
<!DOCTYPE html PUBLIC "-//W3C//DTD XHTML 1.0 Transitional//EN"
    "http://www.w3.org/TR/xhtml1/DTD/xhtml1-transitional.dtd">
<html xmlns="http://www.w3.org/1999/xhtml" xml:lang="en" lang="en">
 <head>
  <title>
</title>
<meta http-equiv="Content-Type" content="text/html;charset=utf-8" />
  <meta name='ocr-system' content='tesseract 3.04.00' />
  <meta name='ocr-capabilities' content='ocr_page ocr_carea ocr_par ocr_line ocrx_word'/>
</head>
<body>
  <div class='ocr_page' id='page_1' title='image "./schedaeoperisquo00lind_0046.png"; bbox 0 0 2357 3984; ppageno 0'>
   <div class='ocr_carea' id='block_1_1' title="bbox 153 280 205 318">
    <p class='ocr_par' dir='ltr' id='par_1_1' title="bbox 153 280 205 318">
     <span class='ocr_line' id='line_1_1' title="bbox 153 280 205 318; baseline -0.077 0"><span class='ocrx_word' id='word_1_1' title='bbox 153 280 205 318; x_wconf 72' lang='lat'>40</span> 
     </span>
    </p>
   </div>
   <div class='ocr_carea' id='block_1_2' title="bbox 574 396 1776 462">
    <p class='ocr_par' dir='ltr' id='par_1_2' title="bbox 574 396 1776 462">
     <span class='ocr_line' id='line_1_2' title="bbox 574 396 1776 462; baseline 0.002 -16"><span class='ocrx_word' id='word_1_2' title='bbox 574 396 736 447; x_wconf 89' lang='lat'>1170.</span> <span class='ocrx_word' id='word_1_3' title='bbox 801 397 1030 457; x_wconf 80' lang='lat' dir='ltr'>Nuphar</span> <span class='ocrx_word' id='word_1_4' title='bbox 1071 396 1348 457; x_wconf 83' lang='lat' dir='ltr'>pumilum</span> <span class='ocrx_word' id='word_1_5' title='bbox 1395 399 1626 462; x_wconf 85' lang='lat' dir='ltr'>(Timm.)</span> <span class='ocrx_word' id='word_1_6' title='bbox 1670 402 1776 449; x_wconf 74' lang='lat' dir='ltr'>Sin.</span> 
     </span>
    </p>
   </div>
   <div class='ocr_carea' id='block_1_3' title="bbox 154 546 2204 753">
    <p class='ocr_par' dir='ltr' id='par_1_3' title="bbox 154 546 2204 753">
     <span class='ocr_line' id='line_1_3' title="bbox 154 546 2203 607; baseline 0.002 -14"><span class='ocrx_word' id='word_1_7' title='bbox 154 549 184 593; x_wconf 66' lang='lat' dir='ltr'>S</span> <span class='ocrx_word' id='word_1_8' title='bbox 208 565 235 594; x_wconf 79' lang='lat' dir='ltr'>a</span> <span class='ocrx_word' id='word_1_9' title='bbox 258 564 291 593; x_wconf 65' lang='lat' dir='ltr'>v</span> <span class='ocrx_word' id='word_1_10' title='bbox 317 562 345 591; x_wconf 92' lang='lat' dir='ltr'>o</span> <span class='ocrx_word' id='word_1_11' title='bbox 368 562 400 591; x_wconf 83' lang='grc'>11</span> <span class='ocrx_word' id='word_1_12' title='bbox 424 546 438 593; x_wconf 91' lang='grc'>1</span> <span class='ocrx_word' id='word_1_13' title='bbox 463 563 492 593; x_wconf 83' lang='grc'>6</span> <span class='ocrx_word' id='word_1_14' title='bbox 549 547 583 591; x_wconf 80' lang='grc'>11</span> <span class='ocrx_word' id='word_1_15' title='bbox 606 564 634 592; x_wconf 90' lang='grc'>0</span> <span class='ocrx_word' id='word_1_16' title='bbox 660 562 681 591; x_wconf 98' lang='grc'>1</span> <span class='ocrx_word' id='word_1_17' title='bbox 704 563 730 593; x_wconf 94' lang='grc'>6</span> <span class='ocrx_word' id='word_1_18' title='bbox 753 563 782 594; x_wconf 87' lang='lat' dir='ltr'>a</span> <span class='ocrx_word' id='word_1_19' title='bbox 803 547 819 592; x_wconf 98' lang='lat' dir='ltr'>l</span> <span class='ocrx_word' id='word_1_20' title='bbox 840 546 854 592; x_wconf 95' lang='lat' dir='ltr'>i</span> <span class='ocrx_word' id='word_1_21' title='bbox 879 563 917 601; x_wconf 78' lang='lat' dir='ltr'>s,</span> <span class='ocrx_word' id='word_1_22' title='bbox 978 562 1087 606; x_wconf 82' lang='lat' dir='ltr'>par.</span> <span class='ocrx_word' id='word_1_23' title='bbox 1149 547 1453 602; x_wconf 83' lang='lat' dir='ltr'>Maaninka,</span> <span class='ocrx_word' id='word_1_24' title='bbox 1513 547 1567 594; x_wconf 90' lang='lat' dir='ltr'>in</span> <span class='ocrx_word' id='word_1_25' title='bbox 1624 548 1742 595; x_wconf 90' lang='lat' dir='ltr'>sinu</span> <span class='ocrx_word' id='word_1_26' title='bbox 1801 550 2203 607; x_wconf 83' lang='lat' dir='ltr'>Juurikkalahti</span> 
     </span>
     <span class='ocr_line' id='line_1_4' title="bbox 978 619 2204 681; baseline 0.003 -16"><span class='ocrx_word' id='word_1_27' title='bbox 978 621 1123 666; x_wconf 81' lang='lat' dir='ltr'>lacus</span> <span class='ocrx_word' id='word_1_28' title='bbox 1178 619 1522 681; x_wconf 70' lang='lat' dir='ltr'>Poljanjarvi,</span> <span class='ocrx_word' id='word_1_29' title='bbox 1576 621 1629 667; x_wconf 90' lang='lat' dir='ltr'>in</span> <span class='ocrx_word' id='word_1_30' title='bbox 1681 621 1847 670; x_wconf 84' lang='lat' dir='ltr'>fundo</span> <span class='ocrx_word' id='word_1_31' title='bbox 1896 623 2102 671; x_wconf 78' lang='lat' dir='ltr'>limoso.</span> <span class='ocrx_word' id='word_1_32' title='bbox 2176 622 2204 669; x_wconf 70' lang='grc'>4</span> 
     </span>
     <span class='ocr_line' id='line_1_5' title="bbox 985 692 1319 753; baseline 0.003 -13"><span class='ocrx_word' id='word_1_33' title='bbox 985 695 1116 753; x_wconf 75' lang='lat' dir='ltr'>Aug.</span> <span class='ocrx_word' id='word_1_34' title='bbox 1175 692 1319 741; x_wconf 66' lang='lat'>1918.</span> 
     </span>
    </p>
   </div>
   <div class='ocr_carea' id='block_1_4' title="bbox 1460 844 2066 903">
    <p class='ocr_par' dir='ltr' id='par_1_4' title="bbox 1460 844 2066 903">
     <span class='ocr_line' id='line_1_6' title="bbox 1460 844 2066 903; baseline 0.007 -16"><span class='ocrx_word' id='word_1_35' title='bbox 1460 844 1557 902; x_wconf 82' lang='lat' dir='ltr'>leg.</span> <span class='ocrx_word' id='word_1_36' title='bbox 1598 846 1658 891; x_wconf 83' lang='lat' dir='ltr'>O.</span> <span class='ocrx_word' id='word_1_37' title='bbox 1701 845 2066 903; x_wconf 67' lang='lat' dir='ltr'>Kyyhkynen.</span> 
     </span>
    </p>
   </div>
   <div class='ocr_carea' id='block_1_5' title="bbox 150 989 2202 1127">
    <p class='ocr_par' dir='ltr' id='par_1_5' title="bbox 150 989 2202 1127">
     <span class='ocr_line' id='line_1_7' title="bbox 150 989 2202 1053; baseline 0.001 -18"><span class='ocrx_word' id='word_1_38' title='bbox 150 992 208 1036; x_wconf 85' lang='lat' dir='ltr'>In</span> <span class='ocrx_word' id='word_1_39' title='bbox 247 997 396 1050; x_wconf 85' lang='lat' dir='ltr'>parte</span> <span class='ocrx_word' id='word_1_40' title='bbox 433 989 652 1037; x_wconf 75' lang='lat' dir='ltr'>australi</span> <span class='ocrx_word' id='word_1_41' title='bbox 690 989 984 1038; x_wconf 74' lang='lat' dir='ltr'>Finlandiae</span> <span class='ocrx_word' id='word_1_42' title='bbox 1021 1006 1135 1037; x_wconf 88' lang='lat' dir='ltr'>raro</span> <span class='ocrx_word' id='word_1_43' title='bbox 1170 990 1454 1045; x_wconf 75' lang='lat' dir='ltr'>invenitur,</span> <span class='ocrx_word' id='word_1_44' title='bbox 1492 991 1546 1038; x_wconf 91' lang='lat' dir='ltr'>in</span> <span class='ocrx_word' id='word_1_45' title='bbox 1581 991 1985 1053; x_wconf 75' lang='lat' dir='ltr'>septentrionali</span> <span class='ocrx_word' id='word_1_46' title='bbox 2022 999 2202 1039; x_wconf 89' lang='lat' dir='ltr'>autem</span> 
     </span>
     <span class='ocr_line' id='line_1_8' title="bbox 316 1064 2202 1127; baseline 0.001 -17"><span class='ocrx_word' id='word_1_47' title='bbox 316 1064 596 1111; x_wconf 78' lang='lat' dir='ltr'>Finlandia</span> <span class='ocrx_word' id='word_1_48' title='bbox 628 1064 758 1110; x_wconf 82' lang='lat' dir='ltr'>satis</span> <span class='ocrx_word' id='word_1_49' title='bbox 792 1079 907 1111; x_wconf 92' lang='lat' dir='ltr'>raro</span> <span class='ocrx_word' id='word_1_50' title='bbox 937 1093 1001 1096; x_wconf 66' lang='lat'>——</span> <span class='ocrx_word' id='word_1_51' title='bbox 1035 1064 1232 1125; x_wconf 81' lang='lat' dir='ltr'>passim</span> <span class='ocrx_word' id='word_1_52' title='bbox 1265 1065 1511 1112; x_wconf 89' lang='lat' dir='ltr'>occurrit.</span> <span class='ocrx_word' id='word_1_53' title='bbox 1565 1067 1626 1112; x_wconf 80' lang='lat' dir='ltr'>In</span> <span class='ocrx_word' id='word_1_54' title='bbox 1660 1064 1934 1127; x_wconf 86' lang='lat' dir='ltr'>Lapponia</span> <span class='ocrx_word' id='word_1_55' title='bbox 1966 1066 2030 1113; x_wconf 87' lang='lat' dir='ltr'>ad</span> <span class='ocrx_word' id='word_1_56' title='bbox 2064 1080 2202 1113; x_wconf 86' lang='lat' dir='ltr'>sum-</span> 
     </span>
    </p>
   </div>
   <div class='ocr_carea' id='block_1_6' title="bbox 318 1137 1472 1200">
    <p class='ocr_par' dir='ltr' id='par_1_6' title="bbox 318 1137 1472 1200">
     <span class='ocr_line' id='line_1_9' title="bbox 318 1137 1472 1200; baseline 0.003 -17"><span class='ocrx_word' id='word_1_57' title='bbox 318 1154 458 1184; x_wconf 84' lang='lat' dir='ltr'>mum</span> <span class='ocrx_word' id='word_1_58' title='bbox 508 1137 614 1185; x_wconf 73' lang='lat' dir='ltr'>fere</span> <span class='ocrx_word' id='word_1_59' title='bbox 658 1138 1075 1199; x_wconf 73' lang='lat' dir='ltr'>septentrionem</span> <span class='ocrx_word' id='word_1_60' title='bbox 1121 1139 1472 1200; x_wconf 73' lang='lat' dir='ltr'>progreditur.</span> 
     </span>
    </p>
   </div>
   <div class='ocr_carea' id='block_1_7' title="bbox 602 1447 1701 1584">
    <p class='ocr_par' dir='ltr' id='par_1_7' title="bbox 602 1447 1701 1584">
     <span class='ocr_line' id='line_1_10' title="bbox 602 1447 1701 1510; baseline 0 -14"><span class='ocrx_word' id='word_1_61' title='bbox 602 1447 760 1497; x_wconf 90' lang='lat'>1171.</span> <span class='ocrx_word' id='word_1_62' title='bbox 826 1448 1139 1508; x_wconf 85' lang='lat' dir='ltr'>Nymphaea</span> <span class='ocrx_word' id='word_1_63' title='bbox 1179 1447 1478 1508; x_wconf 81' lang='lat' dir='ltr'>tetragona</span> <span class='ocrx_word' id='word_1_64' title='bbox 1514 1451 1701 1510; x_wconf 80' lang='lat' dir='ltr'>Georgi</span> 
     </span>
     <span class='ocr_line' id='line_1_11' title="bbox 902 1522 1447 1584; baseline 0.002 -14"><span class='ocrx_word' id='word_1_65' title='bbox 902 1523 986 1578; x_wconf 87' lang='lat' dir='ltr'>(N.</span> <span class='ocrx_word' id='word_1_66' title='bbox 1026 1522 1231 1584; x_wconf 71' lang='lat' dir='ltr'>fewnica</span> <span class='ocrx_word' id='word_1_67' title='bbox 1270 1522 1447 1582; x_wconf 69' lang='lat' dir='ltr'>Mela).</span> 
     </span>
    </p>
   </div>
   <div class='ocr_carea' id='block_1_8' title="bbox 146 1670 2200 1802">
    <p class='ocr_par' dir='ltr' id='par_1_8' title="bbox 146 1670 2200 1802">
     <span class='ocr_line' id='line_1_12' title="bbox 146 1670 2200 1732; baseline 0.003 -18"><span class='ocrx_word' id='word_1_68' title='bbox 146 1672 176 1714; x_wconf 58' lang='lat' dir='ltr'>S</span> <span class='ocrx_word' id='word_1_69' title='bbox 199 1687 229 1713; x_wconf 72' lang='lat' dir='ltr'>a</span> <span class='ocrx_word' id='word_1_70' title='bbox 251 1687 284 1713; x_wconf 73' lang='lat' dir='ltr'>v</span> <span class='ocrx_word' id='word_1_71' title='bbox 308 1686 338 1711; x_wconf 85' lang='grc'>0</span> <span class='ocrx_word' id='word_1_72' title='bbox 360 1685 388 1712; x_wconf 70' lang='lat' dir='ltr'>n</span> <span class='ocrx_word' id='word_1_73' title='bbox 417 1670 430 1712; x_wconf 84' lang='lat' dir='ltr'>i</span> <span class='ocrx_word' id='word_1_74' title='bbox 457 1686 485 1714; x_wconf 81' lang='lat' dir='ltr'>a</span> <span class='ocrx_word' id='word_1_75' title='bbox 542 1670 575 1712; x_wconf 73' lang='grc'>1)</span> <span class='ocrx_word' id='word_1_76' title='bbox 599 1687 627 1711; x_wconf 81' lang='lat' dir='ltr'>o</span> <span class='ocrx_word' id='word_1_77' title='bbox 653 1686 674 1712; x_wconf 85' lang='lat'>1·</span> <span class='ocrx_word' id='word_1_78' title='bbox 698 1688 723 1713; x_wconf 76' lang='lat' dir='ltr'>e</span> <span class='ocrx_word' id='word_1_79' title='bbox 747 1688 776 1718; x_wconf 77' lang='lat' dir='ltr'>a</span> <span class='ocrx_word' id='word_1_80' title='bbox 797 1671 810 1716; x_wconf 94' lang='grc'>1</span> <span class='ocrx_word' id='word_1_81' title='bbox 835 1670 849 1716; x_wconf 96' lang='grc'>1</span> <span class='ocrx_word' id='word_1_82' title='bbox 873 1689 911 1719; x_wconf 71' lang='lat' dir='ltr'>s,</span> <span class='ocrx_word' id='word_1_83' title='bbox 973 1688 1082 1729; x_wconf 85' lang='lat' dir='ltr'>par.</span> <span class='ocrx_word' id='word_1_84' title='bbox 1118 1673 1391 1727; x_wconf 79' lang='lat' dir='ltr'>Pielavesi,</span> <span class='ocrx_word' id='word_1_85' title='bbox 1428 1673 1786 1726; x_wconf 71' lang='lat' dir='ltr'>Kuivaniemi,</span> <span class='ocrx_word' id='word_1_86' title='bbox 1818 1673 1870 1719; x_wconf 86' lang='lat' dir='ltr'>in</span> <span class='ocrx_word' id='word_1_87' title='bbox 1902 1674 2022 1720; x_wconf 86' lang='lat' dir='ltr'>lacu</span> <span class='ocrx_word' id='word_1_88' title='bbox 2054 1674 2200 1732; x_wconf 83' lang='lat' dir='ltr'>Joki—</span> 
     </span>
     <span class='ocr_line' id='line_1_13' title="bbox 972 1741 1719 1802; baseline 0.008 -15"><span class='ocrx_word' id='word_1_89' title='bbox 972 1741 1129 1802; x_wconf 75' lang='lat' dir='ltr'>jarvi.</span> <span class='ocrx_word' id='word_1_90' title='bbox 1191 1745 1390 1793; x_wconf 66' lang='lat'>25—-26</span> <span class='ocrx_word' id='word_1_91' title='bbox 1431 1748 1528 1797; x_wconf 90' lang='lat' dir='ltr'>Iul.</span> <span class='ocrx_word' id='word_1_92' title='bbox 1578 1746 1719 1796; x_wconf 71' lang='lat'>1932.</span> 
     </span>
    </p>
   </div>
   <div class='ocr_carea' id='block_1_9' title="bbox 1457 1893 2062 1953">
    <p class='ocr_par' dir='ltr' id='par_1_9' title="bbox 1457 1893 2062 1953">
     <span class='ocr_line' id='line_1_14' title="bbox 1457 1893 2062 1953; baseline 0.007 -15"><span class='ocrx_word' id='word_1_93' title='bbox 1457 1893 1554 1953; x_wconf 78' lang='lat' dir='ltr'>leg.</span> <span class='ocrx_word' id='word_1_94' title='bbox 1596 1896 1656 1940; x_wconf 20' lang='lat'>(⁷).</span> <span class='ocrx_word' id='word_1_95' title='bbox 1699 1896 2062 1950; x_wconf 71' lang='lat' dir='ltr'>Kyyhkynen.</span> 
     </span>
    </p>
   </div>
   <div class='ocr_carea' id='block_1_10' title="bbox 143 2037 2200 2382">
    <p class='ocr_par' dir='ltr' id='par_1_10' title="bbox 143 2037 2200 2382">
     <span class='ocr_line' id='line_1_15' title="bbox 143 2037 2200 2102; baseline 0.002 -19"><span class='ocrx_word' id='word_1_96' title='bbox 143 2038 349 2098; x_wconf 61' lang='lat' dir='ltr'>Species</span> <span class='ocrx_word' id='word_1_97' title='bbox 398 2037 671 2085; x_wconf 86' lang='lat' dir='ltr'>orientalis</span> <span class='ocrx_word' id='word_1_98' title='bbox 717 2038 769 2084; x_wconf 90' lang='lat' dir='ltr'>in</span> <span class='ocrx_word' id='word_1_99' title='bbox 820 2038 1102 2086; x_wconf 82' lang='lat' dir='ltr'>Finlandia</span> <span class='ocrx_word' id='word_1_100' title='bbox 1150 2039 1394 2087; x_wconf 87' lang='lat' dir='ltr'>orientali</span> <span class='ocrx_word' id='word_1_101' title='bbox 1444 2046 1494 2088; x_wconf 88' lang='lat' dir='ltr'>et</span> <span class='ocrx_word' id='word_1_102' title='bbox 1544 2041 1720 2088; x_wconf 87' lang='lat' dir='ltr'>media</span> <span class='ocrx_word' id='word_1_103' title='bbox 1767 2046 1850 2088; x_wconf 84' lang='lat' dir='ltr'>sat</span> <span class='ocrx_word' id='word_1_104' title='bbox 1898 2039 2200 2102; x_wconf 79' lang='lat' dir='ltr'>frequenter</span> 
     </span>
     <span class='ocr_line' id='line_1_16' title="bbox 311 2111 2195 2174; baseline 0.002 -16"><span class='ocrx_word' id='word_1_105' title='bbox 311 2111 574 2173; x_wconf 82' lang='lat' dir='ltr'>provenit,</span> <span class='ocrx_word' id='word_1_106' title='bbox 627 2111 681 2159; x_wconf 88' lang='lat' dir='ltr'>in</span> <span class='ocrx_word' id='word_1_107' title='bbox 734 2111 956 2160; x_wconf 82' lang='lat' dir='ltr'>australi</span> <span class='ocrx_word' id='word_1_108' title='bbox 1007 2118 1158 2174; x_wconf 88' lang='lat' dir='ltr'>parte</span> <span class='ocrx_word' id='word_1_109' title='bbox 1211 2128 1342 2169; x_wconf 84' lang='lat' dir='ltr'>rara,</span> <span class='ocrx_word' id='word_1_110' title='bbox 1398 2115 1465 2162; x_wconf 85' lang='lat' dir='ltr'>ad</span> <span class='ocrx_word' id='word_1_111' title='bbox 1516 2114 1848 2162; x_wconf 83' lang='lat' dir='ltr'>occidentem</span> <span class='ocrx_word' id='word_1_112' title='bbox 1898 2128 2079 2162; x_wconf 72' lang='lat' dir='ltr'>versus</span> <span class='ocrx_word' id='word_1_113' title='bbox 2131 2115 2195 2161; x_wconf 74' lang='lat' dir='ltr'>ad</span> 
     </span>
     <span class='ocr_line' id='line_1_17' title="bbox 316 2180 2198 2250; baseline 0.003 -20"><span class='ocrx_word' id='word_1_114' title='bbox 316 2180 484 2233; x_wconf 66' lang='lat'>41025&#39;</span> <span class='ocrx_word' id='word_1_115' title='bbox 531 2186 786 2247; x_wconf 74' lang='lat' dir='ltr'>procedit.</span> <span class='ocrx_word' id='word_1_116' title='bbox 852 2187 914 2233; x_wconf 87' lang='lat' dir='ltr'>In</span> <span class='ocrx_word' id='word_1_117' title='bbox 963 2185 1240 2235; x_wconf 82' lang='lat' dir='ltr'>Finlandia</span> <span class='ocrx_word' id='word_1_118' title='bbox 1283 2188 1689 2250; x_wconf 73' lang='lat' dir='ltr'>septentrionali</span> <span class='ocrx_word' id='word_1_119' title='bbox 1730 2194 1784 2236; x_wconf 90' lang='lat' dir='ltr'>et</span> <span class='ocrx_word' id='word_1_120' title='bbox 1824 2187 1879 2236; x_wconf 88' lang='lat' dir='ltr'>in</span> <span class='ocrx_word' id='word_1_121' title='bbox 1923 2187 2198 2250; x_wconf 87' lang='lat' dir='ltr'>Lapponia</span> 
     </span>
     <span class='ocr_line' id='line_1_18' title="bbox 310 2259 2198 2318; baseline 0.001 -11"><span class='ocrx_word' id='word_1_122' title='bbox 310 2259 471 2316; x_wconf 79' lang='lat' dir='ltr'>deest,</span> <span class='ocrx_word' id='word_1_123' title='bbox 529 2259 693 2308; x_wconf 86' lang='lat' dir='ltr'>etiam</span> <span class='ocrx_word' id='word_1_124' title='bbox 747 2260 796 2307; x_wconf 85' lang='grc'>111</span> <span class='ocrx_word' id='word_1_125' title='bbox 858 2260 1099 2318; x_wconf 61' lang='lat' dir='ltr'>Mantua,</span> <span class='ocrx_word' id='word_1_126' title='bbox 1156 2262 1364 2308; x_wconf 81' lang='lat' dir='ltr'>Isthmo</span> <span class='ocrx_word' id='word_1_127' title='bbox 1419 2262 1665 2310; x_wconf 83' lang='lat' dir='ltr'>Karelico</span> <span class='ocrx_word' id='word_1_128' title='bbox 1719 2268 1770 2310; x_wconf 88' lang='lat' dir='ltr'>et</span> <span class='ocrx_word' id='word_1_129' title='bbox 1826 2261 2198 2309; x_wconf 84' lang='lat' dir='ltr'>Ostrobottnia</span> 
     </span>
     <span class='ocr_line' id='line_1_19' title="bbox 311 2333 982 2382; baseline 0.004 -3"><span class='ocrx_word' id='word_1_130' title='bbox 311 2333 530 2381; x_wconf 75' lang='lat' dir='ltr'>australi</span> <span class='ocrx_word' id='word_1_131' title='bbox 567 2334 706 2381; x_wconf 80' lang='lat' dir='ltr'>lecta</span> <span class='ocrx_word' id='word_1_132' title='bbox 742 2350 846 2381; x_wconf 83' lang='lat' dir='ltr'>non</span> <span class='ocrx_word' id='word_1_133' title='bbox 885 2340 982 2382; x_wconf 75' lang='lat' dir='ltr'>est.</span> 
     </span>
    </p>
   </div>
   <div class='ocr_carea' id='block_1_11' title="bbox 598 2643 1735 2706">
    <p class='ocr_par' dir='ltr' id='par_1_11' title="bbox 598 2643 1735 2706">
     <span class='ocr_line' id='line_1_20' title="bbox 598 2643 1735 2706; baseline 0.004 -14"><span class='ocrx_word' id='word_1_134' title='bbox 598 2643 758 2694; x_wconf 85' lang='lat'>1172.</span> <span class='ocrx_word' id='word_1_135' title='bbox 828 2643 1288 2706; x_wconf 79' lang='lat' dir='ltr'>ceratophyllum</span> <span class='ocrx_word' id='word_1_136' title='bbox 1329 2644 1647 2696; x_wconf 83' lang='lat' dir='ltr'>demersum</span> <span class='ocrx_word' id='word_1_137' title='bbox 1680 2650 1735 2696; x_wconf 65' lang='grc'>1,.</span> 
     </span>
    </p>
   </div>
   <div class='ocr_carea' id='block_1_12' title="bbox 145 2790 2187 2930">
    <p class='ocr_par' dir='ltr' id='par_1_12' title="bbox 145 2790 2187 2930">
     <span class='ocr_line' id='line_1_21' title="bbox 145 2790 2187 2858; baseline 0.001 -20"><span class='ocrx_word' id='word_1_138' title='bbox 145 2790 482 2839; x_wconf 51' lang='grc'>8611011111</span> <span class='ocrx_word' id='word_1_139' title='bbox 540 2794 908 2849; x_wconf 74' lang='lat' dir='ltr'>borealis,</span> <span class='ocrx_word' id='word_1_140' title='bbox 969 2810 1079 2855; x_wconf 86' lang='lat' dir='ltr'>par.</span> <span class='ocrx_word' id='word_1_141' title='bbox 1133 2794 1436 2851; x_wconf 81' lang='lat' dir='ltr'>Maaninka,</span> <span class='ocrx_word' id='word_1_142' title='bbox 1488 2795 1542 2842; x_wconf 87' lang='lat' dir='ltr'>in</span> <span class='ocrx_word' id='word_1_143' title='bbox 1591 2795 1745 2844; x_wconf 77' lang='lat' dir='ltr'>fossis</span> <span class='ocrx_word' id='word_1_144' title='bbox 1792 2796 1847 2843; x_wconf 91' lang='lat' dir='ltr'>in</span> <span class='ocrx_word' id='word_1_145' title='bbox 1898 2797 2091 2858; x_wconf 82' lang='lat' dir='ltr'>palude</span> <span class='ocrx_word' id='word_1_146' title='bbox 2139 2796 2187 2842; x_wconf 81' lang='lat' dir='ltr'>in</span> 
     </span>
     <span class='ocr_line' id='line_1_22' title="bbox 968 2868 1947 2930; baseline 0.003 -15"><span class='ocrx_word' id='word_1_147' title='bbox 968 2884 1101 2929; x_wconf 69' lang='lat' dir='ltr'>pago</span> <span class='ocrx_word' id='word_1_148' title='bbox 1147 2868 1483 2930; x_wconf 70' lang='lat' dir='ltr'>Poljankyla.</span> <span class='ocrx_word' id='word_1_149' title='bbox 1547 2869 1602 2916; x_wconf 78' lang='grc'>31</span> <span class='ocrx_word' id='word_1_150' title='bbox 1655 2870 1753 2918; x_wconf 91' lang='grc' dir='ltr'>Ι111.</span> <span class='ocrx_word' id='word_1_151' title='bbox 1806 2868 1947 2918; x_wconf 72' lang='lat'>1018.</span> 
     </span>
    </p>
   </div>
   <div class='ocr_carea' id='block_1_13' title="bbox 1448 3018 2053 3077">
    <p class='ocr_par' dir='ltr' id='par_1_13' title="bbox 1448 3018 2053 3077">
     <span class='ocr_line' id='line_1_23' title="bbox 1448 3018 2053 3077; baseline 0.002 -14"><span class='ocrx_word' id='word_1_152' title='bbox 1448 3018 1544 3076; x_wconf 65' lang='lat' dir='ltr'>leg.</span> <span class='ocrx_word' id='word_1_153' title='bbox 1587 3020 1646 3064; x_wconf 75' lang='lat' dir='ltr'>O.</span> <span class='ocrx_word' id='word_1_154' title='bbox 1689 3019 2053 3077; x_wconf 66' lang='lat' dir='ltr'>Kyyhkynen.</span> 
     </span>
    </p>
   </div>
   <div class='ocr_carea' id='block_1_14' title="bbox 144 3162 2191 3664">
    <p class='ocr_par' dir='ltr' id='par_1_14' title="bbox 144 3162 2191 3664">
     <span class='ocr_line' id='line_1_24' title="bbox 144 3162 2191 3227; baseline 0.001 -21"><span class='ocrx_word' id='word_1_155' title='bbox 144 3162 199 3207; x_wconf 82' lang='lat' dir='ltr'>In</span> <span class='ocrx_word' id='word_1_156' title='bbox 233 3162 515 3209; x_wconf 78' lang='lat' dir='ltr'>Finlandia</span> <span class='ocrx_word' id='word_1_157' title='bbox 545 3164 765 3211; x_wconf 76' lang='lat' dir='ltr'>australi</span> <span class='ocrx_word' id='word_1_158' title='bbox 794 3170 844 3212; x_wconf 85' lang='lat' dir='ltr'>et</span> <span class='ocrx_word' id='word_1_159' title='bbox 876 3164 1051 3212; x_wconf 84' lang='lat' dir='ltr'>media</span> <span class='ocrx_word' id='word_1_160' title='bbox 1081 3181 1211 3221; x_wconf 87' lang='lat' dir='ltr'>raro,</span> <span class='ocrx_word' id='word_1_161' title='bbox 1244 3165 1343 3213; x_wconf 82' lang='lat' dir='ltr'>etsi</span> <span class='ocrx_word' id='word_1_162' title='bbox 1370 3165 1637 3213; x_wconf 86' lang='lat' dir='ltr'>interdum</span> <span class='ocrx_word' id='word_1_163' title='bbox 1669 3166 1890 3227; x_wconf 82' lang='lat' dir='ltr'>copiose,</span> <span class='ocrx_word' id='word_1_164' title='bbox 1921 3164 2191 3213; x_wconf 75' lang='lat' dir='ltr'>invenitur</span> 
     </span>
     <span class='ocr_line' id='line_1_25' title="bbox 306 3237 2190 3301; baseline 0.002 -19"><span class='ocrx_word' id='word_1_165' title='bbox 306 3242 357 3282; x_wconf 86' lang='lat' dir='ltr'>et</span> <span class='ocrx_word' id='word_1_166' title='bbox 392 3237 703 3298; x_wconf 85' lang='lat' dir='ltr'>plerumque</span> <span class='ocrx_word' id='word_1_167' title='bbox 735 3237 911 3286; x_wconf 84' lang='lat' dir='ltr'>sterile</span> <span class='ocrx_word' id='word_1_168' title='bbox 945 3238 1190 3287; x_wconf 89' lang='lat' dir='ltr'>occurrit.</span> <span class='ocrx_word' id='word_1_169' title='bbox 1245 3239 1326 3287; x_wconf 88' lang='lat' dir='ltr'>Ad</span> <span class='ocrx_word' id='word_1_170' title='bbox 1360 3239 1777 3301; x_wconf 70' lang='lat' dir='ltr'>septentrionem</span> <span class='ocrx_word' id='word_1_171' title='bbox 1809 3255 1991 3287; x_wconf 84' lang='lat' dir='ltr'>versus</span> <span class='ocrx_word' id='word_1_172' title='bbox 2024 3253 2190 3299; x_wconf 82' lang='lat' dir='ltr'>usque</span> 
     </span>
     <span class='ocr_line' id='line_1_26' title="bbox 305 3309 2188 3373; baseline 0.001 -18"><span class='ocrx_word' id='word_1_173' title='bbox 305 3309 371 3357; x_wconf 85' lang='lat' dir='ltr'>ad</span> <span class='ocrx_word' id='word_1_174' title='bbox 427 3311 856 3359; x_wconf 86' lang='lat' dir='ltr'>Ostrobottniam</span> <span class='ocrx_word' id='word_1_175' title='bbox 915 3312 1276 3373; x_wconf 84' lang='lat' dir='ltr'>Kajanensem</span> <span class='ocrx_word' id='word_1_176' title='bbox 1332 3318 1383 3359; x_wconf 90' lang='lat' dir='ltr'>et</span> <span class='ocrx_word' id='word_1_177' title='bbox 1439 3313 1868 3362; x_wconf 84' lang='lat' dir='ltr'>Ostrobottniam</span> <span class='ocrx_word' id='word_1_178' title='bbox 1923 3312 2188 3361; x_wconf 85' lang='lat' dir='ltr'>borealem</span> 
     </span>
     <span class='ocr_line' id='line_1_27' title="bbox 311 3380 2186 3447; baseline 0.001 -18"><span class='ocrx_word' id='word_1_179' title='bbox 311 3383 502 3440; x_wconf 79' lang='lat' dir='ltr'>(Kemi,</span> <span class='ocrx_word' id='word_1_180' title='bbox 551 3380 750 3446; x_wconf 70' lang='lat'>65045&#39;)</span> <span class='ocrx_word' id='word_1_181' title='bbox 799 3386 1146 3447; x_wconf 72' lang='lat' dir='ltr'>progreditur.</span> <span class='ocrx_word' id='word_1_182' title='bbox 1216 3387 1497 3434; x_wconf 84' lang='lat' dir='ltr'>Permultis</span> <span class='ocrx_word' id='word_1_183' title='bbox 1542 3387 1670 3434; x_wconf 90' lang='lat' dir='ltr'>locis</span> <span class='ocrx_word' id='word_1_184' title='bbox 1715 3386 1992 3435; x_wconf 77' lang='lat' dir='ltr'>subfossile</span> <span class='ocrx_word' id='word_1_185' title='bbox 2035 3391 2090 3434; x_wconf 88' lang='lat' dir='ltr'>et</span> <span class='ocrx_word' id='word_1_186' title='bbox 2133 3384 2186 3431; x_wconf 89' lang='lat' dir='ltr'>in</span> 
     </span>
     <span class='ocr_line' id='line_1_28' title="bbox 310 3456 2186 3522; baseline 0.001 -20"><span class='ocrx_word' id='word_1_187' title='bbox 310 3456 587 3505; x_wconf 79' lang='lat' dir='ltr'>Finlandia</span> <span class='ocrx_word' id='word_1_188' title='bbox 633 3464 683 3505; x_wconf 90' lang='lat' dir='ltr'>et</span> <span class='ocrx_word' id='word_1_189' title='bbox 730 3459 784 3505; x_wconf 91' lang='lat' dir='ltr'>in</span> <span class='ocrx_word' id='word_1_190' title='bbox 831 3459 1106 3520; x_wconf 85' lang='lat' dir='ltr'>Lapponia</span> <span class='ocrx_word' id='word_1_191' title='bbox 1158 3459 1339 3520; x_wconf 90' lang='lat' dir='ltr'>(etiam</span> <span class='ocrx_word' id='word_1_192' title='bbox 1386 3459 1437 3506; x_wconf 92' lang='lat' dir='ltr'>in</span> <span class='ocrx_word' id='word_1_193' title='bbox 1487 3461 1760 3522; x_wconf 86' lang='lat' dir='ltr'>Lapponia</span> <span class='ocrx_word' id='word_1_194' title='bbox 1806 3458 2186 3511; x_wconf 78' lang='lat' dir='ltr'>Enontekiensi</span> 
     </span>
     <span class='ocr_line' id='line_1_29' title="bbox 305 3530 2188 3597; baseline 0.003 -23"><span class='ocrx_word' id='word_1_195' title='bbox 305 3530 428 3576; x_wconf 83' lang='lat' dir='ltr'>olim</span> <span class='ocrx_word' id='word_1_196' title='bbox 456 3530 806 3593; x_wconf 72' lang='lat' dir='ltr'>fructificans)</span> <span class='ocrx_word' id='word_1_197' title='bbox 835 3532 1031 3580; x_wconf 86' lang='lat' dir='ltr'>lectum</span> <span class='ocrx_word' id='word_1_198' title='bbox 1059 3534 1145 3589; x_wconf 82' lang='lat' dir='ltr'>sit,</span> <span class='ocrx_word' id='word_1_199' title='bbox 1172 3534 1504 3597; x_wconf 83' lang='lat' dir='ltr'>temporibus</span> <span class='ocrx_word' id='word_1_200' title='bbox 1531 3534 1766 3596; x_wconf 89' lang='lat' dir='ltr'>pristinis</span> <span class='ocrx_word' id='word_1_201' title='bbox 1792 3535 1961 3582; x_wconf 89' lang='lat' dir='ltr'>multo</span> <span class='ocrx_word' id='word_1_202' title='bbox 1986 3533 2188 3593; x_wconf 83' lang='lat' dir='ltr'>majore</span> 
     </span>
     <span class='ocr_line' id='line_1_30' title="bbox 305 3603 1686 3664; baseline 0.007 -16"><span class='ocrx_word' id='word_1_203' title='bbox 305 3603 602 3664; x_wconf 74' lang='lat' dir='ltr'>frequentia</span> <span class='ocrx_word' id='word_1_204' title='bbox 638 3611 689 3652; x_wconf 90' lang='lat' dir='ltr'>et</span> <span class='ocrx_word' id='word_1_205' title='bbox 726 3606 1105 3655; x_wconf 79' lang='lat' dir='ltr'>distributione</span> <span class='ocrx_word' id='word_1_206' title='bbox 1140 3607 1424 3655; x_wconf 61' lang='lat' dir='ltr'>occurrisse</span> <span class='ocrx_word' id='word_1_207' title='bbox 1458 3608 1686 3657; x_wconf 72' lang='lat' dir='ltr'>videtur.</span> 
     </span>
    </p>
   </div>
  </div>
 </body>
</html>
