2357 3984
788 402 944 454 1397.
1010 401 1262 453 Arotium
1305 400 1468 463 lappa
1506 404 1562 451 L.

164 551 207 598 T
226 566 256 598 a
278 568 311 597 v
335 567 364 597 a
384 566 407 596 s
428 557 452 596 t
473 550 488 596 i
513 566 542 596 a
598 566 627 595 a
649 564 682 596 u
704 566 727 595 s
748 555 771 595 t
796 564 818 594 r
840 548 1004 604 alis,
1063 548 1131 596 ad
1185 546 1330 595 viam
1383 548 1651 608 publicam
1702 551 1858 611 juxta
1912 569 2032 615 opp.
2092 556 2181 602 Ta—

1066 620 1462 679 vasteburgum.
1535 621 1594 669 118
1640 624 1771 683 Aug.
1824 624 1965 675 1935.

1570 770 1664 826 leg.
1709 771 1770 817 K.
1812 773 2048 822 Linkola.

164 919 221 964 In
259 923 409 979 parte
444 916 662 964 australi
697 918 886 964 saltem
922 931 1087 976 usque
1123 916 1186 962 ad
1225 911 1316 961 620
1355 915 1614 962 rarissime
1650 918 1890 965 occurrit.

639 1167 795 1219 1398.
859 1167 1112 1218 Aretium
1154 1167 1529 1218 tomentosum
1579 1167 1707 1214 Mill.

163 1317 211 1360 N
232 1331 264 1374 y
287 1316 300 1361 l
325 1331 353 1361 a
377 1330 410 1360 n
433 1315 467 1362 d
488 1314 502 1362 i
527 1331 573 1369 a,
632 1315 749 1362 urb.
789 1314 1202 1374 Helsingforsiae,
1242 1315 1356 1361 loco
1396 1314 1642 1361 ruderato
1671 1316 1737 1362 ad
1765 1315 1940 1362 sinum
1970 1317 2182 1366 T616en-

638 1403 765 1436 sem.
826 1387 887 1435 20
927 1388 1024 1435 Iul.
1070 1386 1213 1435 1932.

1520 1536 1615 1593 leg.
1656 1537 1724 1583 M.
1768 1537 2049 1586 Puolanne.

157 1685 217 1730 In
264 1684 544 1731 Finlandia
591 1683 809 1730 australi
854 1683 984 1730 satis
1030 1683 1332 1744 frequenter
1376 1683 1459 1730 vel
1505 1683 1806 1744 frequenter
1848 1684 2088 1745 inprimis
2131 1687 2181 1732 in

288 1756 566 1805 vicinitate
592 1772 693 1807 orae
720 1756 965 1805 australis
992 1756 1235 1812 occurrit,
1257 1770 1585 1818 quamquam
1604 1772 1718 1804 rara
1738 1756 1824 1804 64ε
1849 1756 1924 1806 15'
1951 1758 2186 1819 attingit:

289 1832 340 1878 in
378 1831 596 1878 saburra
634 1837 734 1877 eet.
772 1845 938 1892 usque
977 1831 1040 1877 ad
1082 1825 1259 1875 (55045'
1296 1830 1579 1878 indicatur.

759 2082 917 2134 1399.
985 2081 1233 2134 carduus
1273 2083 1486 2145 crispus
1527 2084 1583 2133 L.

158 2234 224 2277 Is
245 2238 268 2277 t
290 2232 324 2278 h
346 2246 400 2277 m
421 2246 455 2277 u
476 2247 499 2277 s
560 2231 610 2276 K
632 2246 661 2277 a
685 2246 708 2277 r
730 2230 829 2279 eli
851 2246 878 2276 c
899 2246 934 2277 u
957 2247 995 2285 S,
1055 2245 1165 2291 par.
1234 2230 1540 2291 Pyhajarvi,
1604 2231 1658 2277 in
1723 2231 1985 2280 ruderatis
2028 2231 2184 2294 juxta

1054 2305 1214 2365 prred.
1264 2303 1509 2352 Taubila.
1583 2303 1643 2353 18
1692 2305 1824 2365 Aug.
1880 2303 2026 2354 1934.

1425 2453 1521 2513 leg.
1563 2455 1618 2500 P.
1660 2454 1727 2501 H.
1765 2453 2048 2513 Lindberg.

158 2600 252 2645 Per
284 2605 462 2646 totum
495 2599 601 2647 fere
634 2599 960 2648 territorium
995 2600 1239 2656 occurrit,
1274 2599 1515 2660 inprimis
1548 2600 1601 2646 in
1638 2600 1912 2662 Lapponia
1947 2601 2183 2649 occiden-

286 2672 383 2721 tali
423 2672 738 2735 frequenter,
796 2673 857 2742 in
893 2673 1127 2722 maxima
1179 2679 1330 2735 parte
1382 2673 1580 2735 passim
1622 2674 1828 2734 legitur,
1872 2674 1963 2722 sed
2004 2674 2184 2721 multis

286 2746 452 2807 plagis
489 2745 729 2807 inprimis
765 2747 819 2793 in
858 2746 1033 2795 media
1071 2746 1351 2795 Finlandia
1392 2762 1507 2795 raro
1544 2753 1759 2795 tantum
1795 2747 2079 2816 invenitur.

589 3012 751 3066 1400.
817 3012 1053 3065 Cirsium
1094 3015 1409 3065 oleraceum
1456 3015 1552 3074 (L.)
1595 3015 1747 3075 Scop.

156 3161 176 3205 1
199 3176 222 3206 s
242 3165 266 3207 t
287 3160 322 3206 h
344 3174 398 3206 m
419 3174 455 3206 u
476 3175 498 3206 s
554 3160 603 3205 K
626 3176 655 3206 a
679 3175 701 3206 r
722 3161 784 3208 el
805 3160 820 3207 i
844 3177 870 3207 c
890 3176 927 3207 u
947 3177 985 3216 s,
1045 3176 1155 3222 par.
1187 3146 1477 3221 Valkjarvi,
1510 3161 1915 3215 Pahkinamaki,
1943 3160 1996 3206 in
2025 3160 2179 3207 decli-

361 3248 364 3251 ’
1053 3234 1207 3282 vibus
1244 3234 1493 3283 humidis
1557 3233 1614 3281 10
1655 3235 1785 3294 Aug.
1831 3231 1973 3281 1934.

1389 3382 1483 3440 leg.
1525 3382 1723 3429 Harald
1763 3380 2040 3439 Lindberg.

153 3528 212 3576 [11
243 3525 520 3575 Finlandia
548 3527 807 3577 rarissime
832 3530 1003 3576 solum
1027 3529 1079 3576 in
1108 3537 1259 3592 parte
1286 3528 1517 3575 maxime
1543 3524 1976 3575 orient.·australi
2002 3539 2176 3572 oecur-

286 3599 371 3654 rit;
396 3600 450 3646 in
480 3600 694 3648 Karelia
721 3601 913 3649 rossiea
939 3601 1069 3649 satis
1094 3601 1396 3663 frequenter
1419 3600 1470 3647 in
1499 3605 1648 3660 parte
1675 3597 1891 3646 australi
1917 3596 2173 3657 provenit.
