2357 3984
2079 183 2153 225 201

629 298 789 350 1746.
851 299 1172 351 Hieraeium
1214 300 1442 351 imitans
1482 303 1670 348 Brenn.

786 373 925 422 Sect.
969 374 1202 436 Vulgata,
1241 374 1310 422 H.
1348 373 1512 421 coesia.

143 519 376 581 Regio
432 519 826 575 Abognsis,
884 536 994 581 par.
1040 520 1184 581 Lojo,
1230 520 1392 576 Hitis,
1434 519 1487 567 in
1531 519 1729 581 pineto.
1794 519 1820 566 7
1864 521 1962 569 Iul.
2011 520 2151 569 1915.

1372 668 1469 728 leg.
1508 666 1708 713 Harald
1746 665 2026 729 Lindberg.

140 813 368 861 Tantum
403 813 529 860 locis
563 813 744 875 paucis
775 813 829 860 in
866 816 992 874 Reg.
1029 814 1255 862 Aboimsi
1289 819 1341 862 et
1376 812 1646 873 Nylandia
1678 813 1873 861 lectum
1909 819 2003 862 est.

574 1119 732 1172 1747.
795 1120 1117 1172 Hieraeium
1158 1120 1522 1183 improvisum
1561 1123 1731 1169 Norrl.

788 1194 926 1244 Sect.
970 1195 1204 1258 Vulgata,
1243 1195 1312 1244 H.
1349 1195 1513 1243 caesia.

143 1345 188 1390 R
209 1359 236 1390 e
257 1342 321 1403 gi
345 1359 375 1390 ο
431 1343 476 1391 A
496 1342 529 1389 b
552 1359 582 1390 o
606 1345 632 1389 ἐ
651 1358 685 1388 n
706 1358 730 1389 S
750 1342 766 1389 i
788 1358 827 1398 s,
883 1343 980 1391 ins.
1042 1345 1439 1399 Luonnonmaa,
1504 1343 1729 1399 Kahbla,
1791 1342 2159 1405 Tammipe1t0‚

890 1416 943 1463 in
978 1417 1214 1477 margine
1247 1416 1398 1464 fossae
1429 1416 1483 1464 in
1519 1430 1658 1477 agro.
1718 1416 1775 1463 15
1812 1415 1910 1464 1u1.
1952 1414 2092 1464 1907.

1419 1565 1515 1625 leg.
1555 1565 1728 1614 Laura
1764 1566 2027 1623 Hbgman.

142 1713 199 1758 In
236 1713 361 1771 Reg.
395 1710 622 1759 Abokmsi
652 1716 703 1759 et
736 1711 1005 1771 Nylandia
1037 1727 1150 1758 raro
1181 1712 1384 1760 crescit.

582 2019 742 2071 1748.
804 2019 1127 2071 Hieracium
1168 2020 1457 2072 orbolense
1497 2022 1720 2070 Stenstr.

789 2095 927 2143 Sect,
971 2095 1202 2158 Vulgata,
1242 2095 1311 2143 H.
1349 2094 1513 2143 caesia.

141 2242 417 2291 Alandi
442 2259 488 2298 a,
545 2258 656 2363 11331.
699 2242 1047 2363 Iflkegiqupag.
1091 2240 1242 2306 Torp,
1284 2243 1337 2289 in
1378 2249 1531 2305 prato
1569 2243 1623 2290 in
1664 2242 1899 2304 margine
1938 2243 2163 2305 paludis

649 2317 711 2363 Iu
740 2356 748 2364 .
790 2317 806 2364 1
888 2349 934 2363 ..

1376 2464 1472 2525 leg.
1511 2464 1710 2512 Harald
1750 2463 2030 2524 Lindberg.

141 2612 201 2656 In
238 2611 465 2659 Alandia
498 2617 581 2658 sat
619 2627 734 2658 raro
769 2611 972 2659 crescit.

591 2904 748 2955 1749.
812 2904 1132 2956 Hieracium
1174 2904 1474 2955 linifolium
1517 2906 1703 2954 Saelan.

964 2980 1103 3027 Sect.
1140 2978 1346 3041 Rigida.

146 3127 548 3186 Nylandie„
606 3143 727 3189 opp.
776 3127 1002 3247 Ekeglz'ts,
1048 3126 1101 3173 in
1148 3126 1330 3188 pineto
1373 3126 1530 3187 juxta
1574 3126 1719 3173 viam
1765 3128 1832 3175 ad
1882 3126 2164 3184 Raseborg.

617 3199 676 3247 12
708 3200 807 3249 Iul.
846 3200 868 3248 1
909 3199 991 3248 42.

1377 3348 1475 3408 leg.
1513 3348 1716 3394 Harald
1753 3346 2032 3405 Lindberg.

146 3493 373 3541 Tantum
409 3493 464 3540 in
502 3493 771 3554 Nylandia
804 3494 933 3541 locis
969 3493 1232 3542 nonnullis
1268 3495 1463 3543 lectum
1503 3499 1599 3541 est.
