<?xml version="1.0" encoding="UTF-8"?>
<!DOCTYPE html PUBLIC "-//W3C//DTD XHTML 1.0 Transitional//EN"
    "http://www.w3.org/TR/xhtml1/DTD/xhtml1-transitional.dtd">
<html xmlns="http://www.w3.org/1999/xhtml" xml:lang="en" lang="en">
 <head>
  <title>
</title>
<meta http-equiv="Content-Type" content="text/html;charset=utf-8" />
  <meta name='ocr-system' content='tesseract 3.04.00' />
  <meta name='ocr-capabilities' content='ocr_page ocr_carea ocr_par ocr_line ocrx_word'/>
</head>
<body>
  <div class='ocr_page' id='page_1' title='image "./schedaeoperisquo00lind_0040.png"; bbox 0 0 2357 3984; ppageno 0'>
   <div class='ocr_carea' id='block_1_1' title="bbox 109 210 161 247">
    <p class='ocr_par' dir='ltr' id='par_1_1' title="bbox 109 210 161 247">
     <span class='ocr_line' id='line_1_1' title="bbox 109 210 161 247; baseline 0 0"><span class='ocrx_word' id='word_1_1' title='bbox 109 210 161 247; x_wconf 77' lang='lat'>34</span> 
     </span>
    </p>
   </div>
   <div class='ocr_carea' id='block_1_2' title="bbox 605 325 1663 387">
    <p class='ocr_par' dir='ltr' id='par_1_2' title="bbox 605 325 1663 387">
     <span class='ocr_line' id='line_1_2' title="bbox 605 325 1663 387; baseline 0.001 -12"><span class='ocrx_word' id='word_1_2' title='bbox 605 326 764 376; x_wconf 91' lang='lat'>1145.</span> <span class='ocrx_word' id='word_1_3' title='bbox 829 325 1178 386; x_wconf 85' lang='lat' dir='ltr'>Polygonum</span> <span class='ocrx_word' id='word_1_4' title='bbox 1220 326 1570 387; x_wconf 90' lang='lat' dir='ltr'>amphibium</span> <span class='ocrx_word' id='word_1_5' title='bbox 1605 331 1663 379; x_wconf 84' lang='lat' dir='ltr'>L.</span> 
     </span>
    </p>
   </div>
   <div class='ocr_carea' id='block_1_3' title="bbox 109 473 2157 609">
    <p class='ocr_par' dir='ltr' id='par_1_3' title="bbox 109 473 2157 609">
     <span class='ocr_line' id='line_1_3' title="bbox 109 473 2157 546; baseline 0 -24"><span class='ocrx_word' id='word_1_6' title='bbox 109 475 153 522; x_wconf 91' lang='lat' dir='ltr'>T</span> <span class='ocrx_word' id='word_1_7' title='bbox 173 491 203 522; x_wconf 83' lang='lat' dir='ltr'>a</span> <span class='ocrx_word' id='word_1_8' title='bbox 223 492 258 521; x_wconf 73' lang='lat' dir='ltr'>v</span> <span class='ocrx_word' id='word_1_9' title='bbox 282 491 311 546; x_wconf 77' lang='lat' dir='ltr'>a</span> <span class='ocrx_word' id='word_1_10' title='bbox 333 491 354 520; x_wconf 66' lang='lat' dir='ltr'>s</span> <span class='ocrx_word' id='word_1_11' title='bbox 378 482 397 521; x_wconf 76' lang='lat' dir='ltr'>t</span> <span class='ocrx_word' id='word_1_12' title='bbox 421 474 434 520; x_wconf 86' lang='lat' dir='ltr'>i</span> <span class='ocrx_word' id='word_1_13' title='bbox 462 491 491 521; x_wconf 85' lang='lat' dir='ltr'>a</span> <span class='ocrx_word' id='word_1_14' title='bbox 519 537 522 541; x_wconf 44' lang='lat'>.</span> <span class='ocrx_word' id='word_1_15' title='bbox 548 492 576 522; x_wconf 78' lang='lat' dir='ltr'>a</span> <span class='ocrx_word' id='word_1_16' title='bbox 597 490 633 520; x_wconf 89' lang='lat' dir='ltr'>u</span> <span class='ocrx_word' id='word_1_17' title='bbox 654 491 676 519; x_wconf 74' lang='lat' dir='ltr'>s</span> <span class='ocrx_word' id='word_1_18' title='bbox 698 480 720 520; x_wconf 72' lang='lat' dir='ltr'>t</span> <span class='ocrx_word' id='word_1_19' title='bbox 746 490 768 519; x_wconf 90' lang='lat' dir='ltr'>r</span> <span class='ocrx_word' id='word_1_20' title='bbox 790 474 851 521; x_wconf 86' lang='lat' dir='ltr'>a]</span> <span class='ocrx_word' id='word_1_21' title='bbox 876 474 890 520; x_wconf 86' lang='lat' dir='ltr'>i</span> <span class='ocrx_word' id='word_1_22' title='bbox 914 490 953 524; x_wconf 69' lang='lat' dir='ltr'>s,</span> <span class='ocrx_word' id='word_1_23' title='bbox 1013 490 1123 534; x_wconf 89' lang='lat' dir='ltr'>par.</span> <span class='ocrx_word' id='word_1_24' title='bbox 1170 473 1378 531; x_wconf 81' lang='lat' dir='ltr'>Teisko‚</span> <span class='ocrx_word' id='word_1_25' title='bbox 1422 475 1477 522; x_wconf 91' lang='lat' dir='ltr'>in</span> <span class='ocrx_word' id='word_1_26' title='bbox 1520 475 1642 523; x_wconf 78' lang='lat' dir='ltr'>sinu</span> <span class='ocrx_word' id='word_1_27' title='bbox 1686 477 1967 527; x_wconf 76' lang='lat' dir='ltr'>Levalahti</span> <span class='ocrx_word' id='word_1_28' title='bbox 2008 477 2157 524; x_wconf 79' lang='lat' dir='ltr'>lacus</span> 
     </span>
     <span class='ocr_line' id='line_1_4' title="bbox 1067 546 1923 609; baseline 0.006 -17"><span class='ocrx_word' id='word_1_29' title='bbox 1067 546 1435 608; x_wconf 76' lang='lat' dir='ltr'>Kirkkojarvi.</span> <span class='ocrx_word' id='word_1_30' title='bbox 1507 546 1539 596; x_wconf 90' lang='lat'>8</span> <span class='ocrx_word' id='word_1_31' title='bbox 1589 550 1745 609; x_wconf 59' lang='lat' dir='ltr'>Aug„</span> <span class='ocrx_word' id='word_1_32' title='bbox 1780 548 1923 598; x_wconf 83' lang='lat'>1917.</span> 
     </span>
    </p>
   </div>
   <div class='ocr_carea' id='block_1_4' title="bbox 103 696 2151 906">
    <p class='ocr_par' dir='ltr' id='par_1_4' title="bbox 103 696 2151 906">
     <span class='ocr_line' id='line_1_5' title="bbox 1562 696 2018 756; baseline 0.007 -14"><span class='ocrx_word' id='word_1_33' title='bbox 1562 696 1661 756; x_wconf 82' lang='lat' dir='ltr'>leg.</span> <span class='ocrx_word' id='word_1_34' title='bbox 1705 700 1767 744; x_wconf 78' lang='lat' dir='ltr'>R.</span> <span class='ocrx_word' id='word_1_35' title='bbox 1807 698 2018 745; x_wconf 87' lang='lat' dir='ltr'>Idman.</span> 
     </span>
     <span class='ocr_line' id='line_1_6' title="bbox 103 841 2151 906; baseline 0.001 -18"><span class='ocrx_word' id='word_1_36' title='bbox 103 843 410 890; x_wconf 77' lang='lat' dir='ltr'>Inmaxime</span> <span class='ocrx_word' id='word_1_37' title='bbox 458 848 610 904; x_wconf 79' lang='lat' dir='ltr'>parte</span> <span class='ocrx_word' id='word_1_38' title='bbox 663 841 956 889; x_wconf 74' lang='lat' dir='ltr'>Finlandiae</span> <span class='ocrx_word' id='word_1_39' title='bbox 1001 841 1134 889; x_wconf 67' lang='lat' dir='ltr'>satis</span> <span class='ocrx_word' id='word_1_40' title='bbox 1183 841 1489 903; x_wconf 77' lang='lat' dir='ltr'>frequenter</span> <span class='ocrx_word' id='word_1_41' title='bbox 1537 848 1630 890; x_wconf 80' lang='lat' dir='ltr'>aut</span> <span class='ocrx_word' id='word_1_42' title='bbox 1658 843 1860 905; x_wconf 79' lang='lat' dir='ltr'>passim</span> <span class='ocrx_word' id='word_1_43' title='bbox 1889 844 2151 906; x_wconf 80' lang='lat' dir='ltr'>provenit,</span> 
     </span>
    </p>
   </div>
   <div class='ocr_carea' id='block_1_5' title="bbox 271 915 2158 1050">
    <p class='ocr_par' dir='ltr' id='par_1_5' title="bbox 271 915 2158 1050">
     <span class='ocr_line' id='line_1_7' title="bbox 271 915 2158 978; baseline 0.002 -16"><span class='ocrx_word' id='word_1_44' title='bbox 271 915 323 962; x_wconf 92' lang='lat' dir='ltr'>in</span> <span class='ocrx_word' id='word_1_45' title='bbox 377 915 628 964; x_wconf 79' lang='lat' dir='ltr'>interiore</span> <span class='ocrx_word' id='word_1_46' title='bbox 680 920 834 978; x_wconf 80' lang='lat' dir='ltr'>parte</span> <span class='ocrx_word' id='word_1_47' title='bbox 885 915 1192 977; x_wconf 69' lang='lat' dir='ltr'>Lapponiae,</span> <span class='ocrx_word' id='word_1_48' title='bbox 1245 921 1307 963; x_wconf 80' lang='lat' dir='ltr'>ut</span> <span class='ocrx_word' id='word_1_49' title='bbox 1359 916 1525 964; x_wconf 82' lang='lat' dir='ltr'>etiam</span> <span class='ocrx_word' id='word_1_50' title='bbox 1580 915 1875 967; x_wconf 80' lang='lat' dir='ltr'>Finlandiae</span> <span class='ocrx_word' id='word_1_51' title='bbox 1925 917 2158 966; x_wconf 84' lang='lat' dir='ltr'>maxime</span> 
     </span>
     <span class='ocr_line' id='line_1_8' title="bbox 273 989 2020 1050; baseline 0.001 -14"><span class='ocrx_word' id='word_1_52' title='bbox 273 989 707 1050; x_wconf 73' lang='lat' dir='ltr'>septentrionalis</span> <span class='ocrx_word' id='word_1_53' title='bbox 745 994 886 1036; x_wconf 69' lang='lat' dir='ltr'>certe</span> <span class='ocrx_word' id='word_1_54' title='bbox 918 994 1012 1036; x_wconf 80' lang='lat' dir='ltr'>aut</span> <span class='ocrx_word' id='word_1_55' title='bbox 1051 1004 1169 1036; x_wconf 84' lang='lat' dir='ltr'>raro</span> <span class='ocrx_word' id='word_1_56' title='bbox 1207 995 1299 1037; x_wconf 80' lang='lat' dir='ltr'>aut</span> <span class='ocrx_word' id='word_1_57' title='bbox 1338 990 1556 1036; x_wconf 81' lang='lat' dir='ltr'>omnino</span> <span class='ocrx_word' id='word_1_58' title='bbox 1592 1006 1697 1037; x_wconf 83' lang='lat' dir='ltr'>non</span> <span class='ocrx_word' id='word_1_59' title='bbox 1733 990 2020 1039; x_wconf 74' lang='lat' dir='ltr'>invenitur.</span> 
     </span>
    </p>
   </div>
   <div class='ocr_carea' id='block_1_6' title="bbox 103 1298 2155 1803">
    <p class='ocr_par' dir='ltr' id='par_1_6' title="bbox 103 1298 2155 1803">
     <span class='ocr_line' id='line_1_9' title="bbox 621 1298 1645 1360; baseline -0.001 -12"><span class='ocrx_word' id='word_1_60' title='bbox 621 1298 782 1349; x_wconf 90' lang='lat'>1146.</span> <span class='ocrx_word' id='word_1_61' title='bbox 845 1298 1196 1360; x_wconf 87' lang='lat' dir='ltr'>Polygonum</span> <span class='ocrx_word' id='word_1_62' title='bbox 1237 1299 1429 1350; x_wconf 92' lang='lat' dir='ltr'>minus</span> <span class='ocrx_word' id='word_1_63' title='bbox 1468 1301 1645 1347; x_wconf 67' lang='lat' dir='ltr'>Huds.</span> 
     </span>
     <span class='ocr_line' id='line_1_10' title="bbox 103 1446 2155 1511; baseline 0.001 -16"><span class='ocrx_word' id='word_1_64' title='bbox 103 1446 387 1495; x_wconf 78' lang='lat' dir='ltr'>Savoni</span> <span class='ocrx_word' id='word_1_65' title='bbox 413 1464 442 1495; x_wconf 91' lang='lat' dir='ltr'>a</span> <span class='ocrx_word' id='word_1_66' title='bbox 498 1448 583 1495; x_wconf 87' lang='lat' dir='ltr'>bo</span> <span class='ocrx_word' id='word_1_67' title='bbox 608 1447 865 1502; x_wconf 67' lang='lat' dir='ltr'>realis,</span> <span class='ocrx_word' id='word_1_68' title='bbox 923 1462 1036 1509; x_wconf 84' lang='lat' dir='ltr'>par.</span> <span class='ocrx_word' id='word_1_69' title='bbox 1081 1447 1388 1503; x_wconf 86' lang='lat' dir='ltr'>Maaninka,</span> <span class='ocrx_word' id='word_1_70' title='bbox 1431 1447 1487 1494; x_wconf 89' lang='lat' dir='ltr'>in</span> <span class='ocrx_word' id='word_1_71' title='bbox 1531 1448 1647 1509; x_wconf 88' lang='lat' dir='ltr'>ripa</span> <span class='ocrx_word' id='word_1_72' title='bbox 1687 1448 1879 1496; x_wconf 81' lang='lat' dir='ltr'>limosa</span> <span class='ocrx_word' id='word_1_73' title='bbox 1920 1448 1974 1495; x_wconf 90' lang='lat' dir='ltr'>in</span> <span class='ocrx_word' id='word_1_74' title='bbox 2017 1464 2155 1511; x_wconf 88' lang='lat' dir='ltr'>pago</span> 
     </span>
     <span class='ocr_line' id='line_1_11' title="bbox 925 1519 2153 1583; baseline 0.002 -14"><span class='ocrx_word' id='word_1_75' title='bbox 925 1521 1330 1581; x_wconf 73' lang='lat' dir='ltr'>Hyttilankyla,</span> <span class='ocrx_word' id='word_1_76' title='bbox 1348 1519 1506 1582; x_wconf 78' lang='lat' dir='ltr'>juxta</span> <span class='ocrx_word' id='word_1_77' title='bbox 1526 1521 1788 1583; x_wconf 72' lang='lat' dir='ltr'>praedium</span> <span class='ocrx_word' id='word_1_78' title='bbox 1808 1521 2153 1571; x_wconf 71' lang='lat' dir='ltr'>Tervaranta.</span> 
     </span>
     <span class='ocr_line' id='line_1_12' title="bbox 934 1592 1363 1656; baseline 0.005 -15"><span class='ocrx_word' id='word_1_79' title='bbox 934 1594 997 1641; x_wconf 78' lang='lat'>20</span> <span class='ocrx_word' id='word_1_80' title='bbox 1034 1596 1170 1656; x_wconf 85' lang='lat' dir='ltr'><strong>Aug.</strong></span> <span class='ocrx_word' id='word_1_81' title='bbox 1215 1592 1363 1643; x_wconf 83' lang='grc'><strong>1918.</strong></span> 
     </span>
     <span class='ocr_line' id='line_1_13' title="bbox 1402 1743 2012 1803; baseline 0.003 -14"><span class='ocrx_word' id='word_1_82' title='bbox 1402 1743 1501 1803; x_wconf 81' lang='lat' dir='ltr'>leg.</span> <span class='ocrx_word' id='word_1_83' title='bbox 1542 1745 1602 1791; x_wconf 87' lang='lat' dir='ltr'>O.</span> <span class='ocrx_word' id='word_1_84' title='bbox 1645 1745 2012 1803; x_wconf 74' lang='lat' dir='ltr'>Kyyhkynen.</span> 
     </span>
    </p>
   </div>
   <div class='ocr_carea' id='block_1_7' title="bbox 101 1887 2159 2012">
    <p class='ocr_par' dir='ltr' id='par_1_7' title="bbox 101 1887 2159 2012">
     <span class='ocr_line' id='line_1_14' title="bbox 101 1887 2159 1952; baseline 0.001 -16"><span class='ocrx_word' id='word_1_85' title='bbox 101 1892 162 1937; x_wconf 92' lang='lat' dir='ltr'>In</span> <span class='ocrx_word' id='word_1_86' title='bbox 200 1890 483 1940; x_wconf 85' lang='lat' dir='ltr'>Finlandia</span> <span class='ocrx_word' id='word_1_87' title='bbox 518 1890 741 1938; x_wconf 76' lang='lat' dir='ltr'>australi</span> <span class='ocrx_word' id='word_1_88' title='bbox 776 1896 827 1937; x_wconf 79' lang='lat' dir='ltr'>et</span> <span class='ocrx_word' id='word_1_89' title='bbox 863 1890 1041 1939; x_wconf 82' lang='lat' dir='ltr'>media</span> <span class='ocrx_word' id='word_1_90' title='bbox 1073 1905 1242 1952; x_wconf 79' lang='lat' dir='ltr'>usque</span> <span class='ocrx_word' id='word_1_91' title='bbox 1278 1893 1344 1938; x_wconf 85' lang='lat' dir='ltr'>ad</span> <span class='ocrx_word' id='word_1_92' title='bbox 1380 1890 1469 1938; x_wconf 77' lang='lat'>620</span> <span class='ocrx_word' id='word_1_93' title='bbox 1506 1887 1586 1937; x_wconf 76' lang='lat'>30¹</span> <span class='ocrx_word' id='word_1_94' title='bbox 1626 1891 1824 1952; x_wconf 72' lang='lat' dir='ltr'>passim</span> <span class='ocrx_word' id='word_1_95' title='bbox 1860 1897 1952 1939; x_wconf 75' lang='lat' dir='ltr'>aut</span> <span class='ocrx_word' id='word_1_96' title='bbox 1990 1891 2159 1939; x_wconf 71' lang='lat' dir='ltr'>rarius</span> 
     </span>
     <span class='ocr_line' id='line_1_15' title="bbox 270 1963 482 2012; baseline 0.009 -2"><span class='ocrx_word' id='word_1_97' title='bbox 270 1963 482 2012; x_wconf 77' lang='lat' dir='ltr'>crescit.</span> 
     </span>
    </p>
   </div>
   <div class='ocr_carea' id='block_1_8' title="bbox 102 2245 2150 2601">
    <p class='ocr_par' dir='ltr' id='par_1_8' title="bbox 102 2245 2150 2601">
     <span class='ocr_line' id='line_1_16' title="bbox 480 2245 1804 2308; baseline -0.002 -12"><span class='ocrx_word' id='word_1_98' title='bbox 480 2245 639 2296; x_wconf 89' lang='lat'>1147.</span> <span class='ocrx_word' id='word_1_99' title='bbox 700 2246 1055 2307; x_wconf 87' lang='lat' dir='ltr'>Polygonum</span> <span class='ocrx_word' id='word_1_100' title='bbox 1096 2245 1547 2308; x_wconf 84' lang='lat' dir='ltr'>heterophyllum</span> <span class='ocrx_word' id='word_1_101' title='bbox 1590 2247 1804 2298; x_wconf 83' lang='lat' dir='ltr'>Lindm.</span> 
     </span>
     <span class='ocr_line' id='line_1_17' title="bbox 102 2392 2150 2456; baseline -0 -13"><span class='ocrx_word' id='word_1_102' title='bbox 102 2394 135 2443; x_wconf 80' lang='lat' dir='ltr'>S</span> <span class='ocrx_word' id='word_1_103' title='bbox 156 2411 186 2442; x_wconf 84' lang='lat' dir='ltr'>a</span> <span class='ocrx_word' id='word_1_104' title='bbox 206 2399 228 2441; x_wconf 75' lang='lat' dir='ltr'>t</span> <span class='ocrx_word' id='word_1_105' title='bbox 254 2412 283 2442; x_wconf 87' lang='lat' dir='ltr'>a</span> <span class='ocrx_word' id='word_1_106' title='bbox 306 2396 341 2442; x_wconf 89' lang='lat' dir='ltr'>k</span> <span class='ocrx_word' id='word_1_107' title='bbox 358 2410 395 2441; x_wconf 86' lang='lat' dir='ltr'>u</span> <span class='ocrx_word' id='word_1_108' title='bbox 416 2411 450 2441; x_wconf 90' lang='lat' dir='ltr'>n</span> <span class='ocrx_word' id='word_1_109' title='bbox 472 2400 493 2442; x_wconf 74' lang='lat' dir='ltr'>t</span> <span class='ocrx_word' id='word_1_110' title='bbox 519 2412 564 2451; x_wconf 84' lang='lat' dir='ltr'>a,</span> <span class='ocrx_word' id='word_1_111' title='bbox 623 2410 736 2456; x_wconf 88' lang='lat' dir='ltr'>par.</span> <span class='ocrx_word' id='word_1_112' title='bbox 765 2394 994 2454; x_wconf 71' lang='lat' dir='ltr'>Tyrvaa‚</span> <span class='ocrx_word' id='word_1_113' title='bbox 1022 2395 1075 2441; x_wconf 88' lang='lat' dir='ltr'>in</span> <span class='ocrx_word' id='word_1_114' title='bbox 1104 2410 1256 2442; x_wconf 87' lang='lat' dir='ltr'>muro</span> <span class='ocrx_word' id='word_1_115' title='bbox 1283 2395 1424 2442; x_wconf 82' lang='lat' dir='ltr'>cirea</span> <span class='ocrx_word' id='word_1_116' title='bbox 1449 2394 1730 2455; x_wconf 79' lang='lat' dir='ltr'>templum.</span> <span class='ocrx_word' id='word_1_117' title='bbox 1779 2393 1811 2442; x_wconf 87' lang='grc'>8</span> <span class='ocrx_word' id='word_1_118' title='bbox 1837 2396 1971 2454; x_wconf 81' lang='lat' dir='ltr'>Aug.</span> <span class='ocrx_word' id='word_1_119' title='bbox 2007 2392 2150 2442; x_wconf 71' lang='lat'>1915.</span> 
     </span>
     <span class='ocr_line' id='line_1_18' title="bbox 1372 2540 2015 2601; baseline 0.002 -13"><span class='ocrx_word' id='word_1_120' title='bbox 1372 2542 1472 2601; x_wconf 81' lang='lat' dir='ltr'>leg.</span> <span class='ocrx_word' id='word_1_121' title='bbox 1512 2545 1573 2590; x_wconf 92' lang='lat' dir='ltr'>V.</span> <span class='ocrx_word' id='word_1_122' title='bbox 1613 2540 2015 2589; x_wconf 80' lang='lat' dir='ltr'>Heikinheimo.</span> 
     </span>
    </p>
   </div>
   <div class='ocr_carea' id='block_1_9' title="bbox 97 2689 2152 2826">
    <p class='ocr_par' dir='ltr' id='par_1_9' title="bbox 97 2689 2152 2826">
     <span class='ocr_line' id='line_1_19' title="bbox 97 2689 2152 2752; baseline 0 -17"><span class='ocrx_word' id='word_1_123' title='bbox 97 2689 415 2752; x_wconf 66' lang='lat' dir='ltr'>Polygonum</span> <span class='ocrx_word' id='word_1_124' title='bbox 443 2690 698 2739; x_wconf 64' lang='lat' dir='ltr'>aviculam</span> <span class='ocrx_word' id='word_1_125' title='bbox 725 2691 783 2743; x_wconf 87' lang='lat' dir='ltr'>L.</span> <span class='ocrx_word' id='word_1_126' title='bbox 813 2691 929 2738; x_wconf 88' lang='lat' dir='ltr'>coll.</span> <span class='ocrx_word' id='word_1_127' title='bbox 956 2690 1010 2737; x_wconf 88' lang='lat' dir='ltr'>in</span> <span class='ocrx_word' id='word_1_128' title='bbox 1039 2690 1262 2738; x_wconf 69' lang='lat' dir='ltr'>diversis</span> <span class='ocrx_word' id='word_1_129' title='bbox 1289 2689 1473 2737; x_wconf 70' lang='lat' dir='ltr'>formis</span> <span class='ocrx_word' id='word_1_130' title='bbox 1500 2705 1593 2751; x_wconf 79' lang='lat' dir='ltr'>per</span> <span class='ocrx_word' id='word_1_131' title='bbox 1618 2695 1797 2737; x_wconf 78' lang='lat' dir='ltr'>totum</span> <span class='ocrx_word' id='word_1_132' title='bbox 1825 2689 2152 2737; x_wconf 81' lang='lat' dir='ltr'>territorium</span> 
     </span>
     <span class='ocr_line' id='line_1_20' title="bbox 267 2764 712 2826; baseline 0 -14"><span class='ocrx_word' id='word_1_133' title='bbox 267 2764 569 2826; x_wconf 79' lang='lat' dir='ltr'>dispersum</span> <span class='ocrx_word' id='word_1_134' title='bbox 613 2770 712 2812; x_wconf 79' lang='lat' dir='ltr'>est.</span> 
     </span>
    </p>
   </div>
   <div class='ocr_carea' id='block_1_10' title="bbox 599 3039 1694 3134">
    <p class='ocr_par' dir='ltr' id='par_1_10' title="bbox 599 3039 1694 3134">
     <span class='ocr_line' id='line_1_21' title="bbox 599 3039 1694 3134; baseline -0.002 -11"><span class='ocrx_word' id='word_1_135' title='bbox 599 3073 762 3124; x_wconf 85' lang='lat'>1148.</span> <span class='ocrx_word' id='word_1_136' title='bbox 824 3073 1175 3134; x_wconf 92' lang='lat' dir='ltr'>Polygonum</span> <span class='ocrx_word' id='word_1_137' title='bbox 1219 3039 1442 3132; x_wconf 20' lang='lat' dir='ltr'>ae&#39;qu&#39;ale</span> <span class='ocrx_word' id='word_1_138' title='bbox 1480 3072 1694 3125; x_wconf 84' lang='lat' dir='ltr'>Lindm.</span> 
     </span>
    </p>
   </div>
   <div class='ocr_carea' id='block_1_11' title="bbox 99 3219 2150 3353">
    <p class='ocr_par' dir='ltr' id='par_1_11' title="bbox 99 3219 2150 3353">
     <span class='ocr_line' id='line_1_22' title="bbox 99 3219 2150 3285; baseline -0.001 -16"><span class='ocrx_word' id='word_1_139' title='bbox 99 3223 132 3269; x_wconf 73' lang='lat' dir='ltr'>S</span> <span class='ocrx_word' id='word_1_140' title='bbox 155 3238 184 3269; x_wconf 86' lang='lat' dir='ltr'>a</span> <span class='ocrx_word' id='word_1_141' title='bbox 205 3228 228 3268; x_wconf 79' lang='lat' dir='ltr'>t</span> <span class='ocrx_word' id='word_1_142' title='bbox 252 3239 282 3270; x_wconf 81' lang='lat' dir='ltr'>a</span> <span class='ocrx_word' id='word_1_143' title='bbox 303 3223 338 3270; x_wconf 92' lang='lat' dir='ltr'><strong>k</strong></span> <span class='ocrx_word' id='word_1_144' title='bbox 358 3238 394 3268; x_wconf 91' lang='grc' dir='ltr'>ιι</span> <span class='ocrx_word' id='word_1_145' title='bbox 415 3219 449 3269; x_wconf 80' lang='lat' dir='ltr'>ri</span> <span class='ocrx_word' id='word_1_146' title='bbox 471 3228 493 3269; x_wconf 74' lang='lat' dir='ltr'><strong>t</strong></span> <span class='ocrx_word' id='word_1_147' title='bbox 517 3239 563 3278; x_wconf 88' lang='lat' dir='ltr'>a,</span> <span class='ocrx_word' id='word_1_148' title='bbox 622 3238 733 3284; x_wconf 85' lang='lat' dir='ltr'>par.</span> <span class='ocrx_word' id='word_1_149' title='bbox 767 3224 935 3278; x_wconf 86' lang='lat' dir='ltr'>Kuru,</span> <span class='ocrx_word' id='word_1_150' title='bbox 963 3221 1018 3269; x_wconf 84' lang='lat' dir='ltr'>in</span> <span class='ocrx_word' id='word_1_151' title='bbox 1048 3237 1169 3270; x_wconf 85' lang='lat' dir='ltr'>area</span> <span class='ocrx_word' id='word_1_152' title='bbox 1194 3220 1249 3268; x_wconf 89' lang='lat' dir='ltr'>in</span> <span class='ocrx_word' id='word_1_153' title='bbox 1278 3236 1416 3285; x_wconf 85' lang='lat' dir='ltr'>pago</span> <span class='ocrx_word' id='word_1_154' title='bbox 1446 3221 1828 3280; x_wconf 74' lang='lat' dir='ltr'>Parkkunkyla</span> <span class='ocrx_word' id='word_1_155' title='bbox 1854 3219 2150 3281; x_wconf 79' lang='lat' dir='ltr'>vegetatio-</span> 
     </span>
     <span class='ocr_line' id='line_1_23' title="bbox 620 3291 1928 3353; baseline 0 -11"><span class='ocrx_word' id='word_1_156' title='bbox 620 3311 743 3343; x_wconf 82' lang='lat' dir='ltr'>nem</span> <span class='ocrx_word' id='word_1_157' title='bbox 789 3294 1161 3344; x_wconf 70' lang='lat' dir='ltr'>densissimam</span> <span class='ocrx_word' id='word_1_158' title='bbox 1204 3294 1458 3342; x_wconf 76' lang='lat' dir='ltr'>formans,</span> <span class='ocrx_word' id='word_1_159' title='bbox 1524 3293 1556 3341; x_wconf 82' lang='lat'>8</span> <span class='ocrx_word' id='word_1_160' title='bbox 1600 3296 1733 3353; x_wconf 82' lang='lat' dir='ltr'>Aug.</span> <span class='ocrx_word' id='word_1_161' title='bbox 1785 3291 1928 3342; x_wconf 81' lang='lat'>1933.</span> 
     </span>
    </p>
   </div>
   <div class='ocr_carea' id='block_1_12' title="bbox 98 3440 2078 3564">
    <p class='ocr_par' dir='ltr' id='par_1_12' title="bbox 98 3440 2078 3564">
     <span class='ocr_line' id='line_1_24' title="bbox 276 3440 2078 3502; baseline 0.003 -20"><span class='ocrx_word' id='word_1_162' title='bbox 276 3480 279 3482; x_wconf 85' lang='lat'>.</span> <span class='ocrx_word' id='word_1_163' title='bbox 441 3477 446 3482; x_wconf 83' lang='grc'><strong>.</strong></span> <span class='ocrx_word' id='word_1_164' title='bbox 489 3481 492 3483; x_wconf 71' lang='grc'><strong>,</strong></span> <span class='ocrx_word' id='word_1_165' title='bbox 1510 3443 1609 3502; x_wconf 78' lang='lat' dir='ltr'>leg.</span> <span class='ocrx_word' id='word_1_166' title='bbox 1650 3445 1718 3490; x_wconf 90' lang='lat' dir='ltr'>H.</span> <span class='ocrx_word' id='word_1_167' title='bbox 1759 3440 2078 3490; x_wconf 80' lang='lat' dir='ltr'>Edelnlann.</span> 
     </span>
     <span class='ocr_line' id='line_1_25' title="bbox 98 3515 460 3564; baseline 0.003 -1"><span class='ocrx_word' id='word_1_168' title='bbox 98 3515 186 3563; x_wconf 82' lang='lat' dir='ltr'>Cfr</span> <span class='ocrx_word' id='word_1_169' title='bbox 222 3533 272 3564; x_wconf 89' lang='lat' dir='ltr'>n.</span> <span class='ocrx_word' id='word_1_170' title='bbox 318 3515 460 3564; x_wconf 65' lang='lat'>1147.</span> 
     </span>
    </p>
   </div>
  </div>
 </body>
</html>
