2357 3984
549 368 707 420 1846.
774 352 943 420 carex
986 369 1410 429 Goodenoughii
1447 369 1579 428 Gay.

103 517 170 562 Is
190 522 213 563 t
236 517 271 562 h
292 531 345 561 m
364 530 401 561 u
421 531 445 561 s
505 517 553 562 K
575 531 605 563 a
629 531 651 561 r
672 532 698 563 e
718 517 733 562 1
755 517 769 563 i
793 531 820 562 c
842 532 872 562 u
897 533 935 567 s,
994 533 1105 579 par.
1159 517 1404 571 Sakkola,
1461 515 1766 569 Kiviniemi,
1818 515 1871 562 in
1920 516 2131 563 cumulo

995 606 1164 638 arenae
1209 588 1419 636 mobilis
1464 589 1517 635 in
1564 604 1751 650 campo
1795 589 1933 636 sicco
1976 589 2131 649 juxta

998 663 1168 725 ripam
1206 664 1372 710 lacus.
1433 661 1461 708 ,4
1502 663 1601 709 Ι111.
1650 659 1791 709 1934.

1336 752 1434 811 leg.
1474 751 1679 798 Harald
1718 749 1999 810 Lindberg.

105 856 163 898 In
181 858 298 900 toto
330 853 615 909 territorio,
652 859 804 915 parte
839 854 1069 902 maxime
1103 854 1505 914 septentrionali
1542 859 1783 913 excepta,
1819 853 2133 914 frequentis-

248 926 380 974 sime
421 941 665 988 saepeque
700 927 1068 988 copiosissime
1108 928 1343 976 obviam.

746 1147 904 1198 1847.
971 1148 1142 1199 Carex
1182 1148 1373 1210 alpina
1411 1149 1509 1195 Sw.

107 1295 503 1349 Kuusamo‚
561 1311 673 1356 par.
731 1297 1023 1348 Kuusamo,
1082 1296 1541 1357 Kulmakkapuro,
1594 1295 1752 1364 juxta
1806 1295 2035 1342 rivulum
2084 1295 2137 1341 in

562 1368 716 1416 silva.
777 1368 840 1416 26
880 1371 998 1416 Iun.
1049 1367 1190 1416 1936.

1338 1443 1436 1502 leg.
1475 1441 1680 1491 Harald
1718 1441 2003 1503 Lindberg.

105 1546 167 1590 In
192 1545 385 1593 ultima
411 1545 688 1607 Lapponia
715 1546 1020 1608 frequenter
1047 1562 1276 1593 crescere
1301 1545 1531 1600 videtur,
1562 1546 1630 1593 ad
1657 1544 1932 1593 meridiem
1959 1559 2140 1592 versus

235 1617 535 1681 frequentia
566 1619 840 1676 minuitur,
872 1625 934 1667 ut
963 1619 1075 1681 jam
1105 1620 1161 1668 in
1182 1618 1467 1681 ‘Lapponia
1498 1619 1730 1667 maxime
1762 1618 1981 1666 australi
2012 1618 2141 1665 satis

239 1709 354 1741 rara
389 1692 475 1749 sit,
514 1692 605 1741 sed
640 1694 831 1742 saltem
868 1708 1035 1755 usque
1072 1692 1139 1741 ad
1176 1692 1266 1741 630
1303 1691 1560 1754 procedit.
1618 1692 1800 1743 Etiam
1836 1692 1890 1738 in
1930 1691 2141 1740 Karelia

250 1767 443 1815 rossica
475 1767 613 1814 lecta
649 1774 744 1815 est.

662 1985 822 2040 1848.
891 1988 1061 2039 carex
1103 1987 1419 2039 holostoma
1466 1987 1611 2048 Drej.

107 2141 150 2190 L
170 2154 199 2185 a
221 2153 256 2199 p
278 2153 312 2198 p
332 2153 363 2184 o
383 2136 454 2183 ni
476 2153 507 2183 a
563 2137 586 2182 1
609 2152 644 2182 n
666 2153 696 2183 a
719 2153 742 2184 r
761 2153 789 2184 e
809 2152 844 2182 n
866 2137 987 2191 sis,
1044 2137 1099 2183 in
1164 2142 1346 2184 monte
1414 2135 1704 2183 Kalkuoivi
1766 2135 1924 2195 juxta
1987 2134 2138 2181 flum.

1050 2209 1249 2258 Pasvik
1284 2209 1388 2256 alv.
1451 2207 1510 2257 19
1548 2210 1682 2270 Aug.
1727 2206 1869 2257 1899.

1425 2313 1526 2372 leg.
1565 2312 1620 2359 C.
1659 2312 1739 2359 W.
1779 2312 2004 2360 Fontell.

109 2388 290 2439 Etiam
322 2388 377 2435 in
412 2387 685 2450 Lapponia
720 2388 914 2434 rossica
944 2388 1085 2434 lecta
1117 2393 1215 2433 est.

540 2606 700 2660 1849.
766 2608 937 2660 Carex
978 2607 1182 2658 limosa
1216 2610 1274 2658 L.
1313 2606 1349 2653 f.
1390 2608 1770 2667 depauperata.

115 2756 408 2809 Rossia.
457 2755 858 2818 Lapponia
924 2756 1312 2811 Imandrae‚
1358 2752 2143 2815 adlac.Umpjawr,insphag-

1351 2833 1479 2875 neto
1517 2842 1719 2889 aquoso
1755 2843 1863 2874 una
1900 2842 1944 2874 e.
1985 2827 2042 2874 C.
2081 2826 2143 2872 li-

1353 2901 1705 2963 mosa-typica
1734 2906 1787 2949 et
1819 2900 1875 2948 C.
1906 2900 2144 2960 rariflora

1363 2974 1539 3036 (Wg.).
1595 2974 1695 3022 Iul.
1735 2972 1880 3022 1892.

1316 3080 1415 3138 leg.
1456 3079 1516 3126 A.
1556 3080 1693 3126 Osw.
1736 3077 2008 3125 Kihlman.

117 3228 250 3277 Sunt
287 3227 577 3289 specimina
616 3227 891 3288 originalia
930 3228 986 3274 C.
1027 3225 1369 3273 imandrensis
1410 3225 1610 3274 Kihlm.
1651 3224 2033 3273 »Verisimiliter
2068 3229 2146 3271 est

250 3301 307 3349 C.
355 3299 538 3348 limosa
571 3312 608 3350 ><
644 3299 826 3348 livida»
870 3305 1011 3348 teste
1062 3299 1264 3347 Kihlm.
1333 3299 1391 3347 F.
1441 3298 1802 3364 depauperata
1851 3297 1908 3345 C.
1957 3296 2146 3344 limosoe

250 3374 379 3423 mihi
402 3374 619 3423 videtur
647 3374 822 3436 (Mem.
851 3375 966 3423 Soc.
993 3389 1044 3437 p.
1072 3373 1129 3420 F.
1149 3379 1202 3421 et
1228 3373 1307 3421 Fl.
1334 3373 1519 3427 Fenn.,
1551 3373 1627 3428 15,
1654 3388 1706 3434 p.
1737 3370 1868 3433 175).
1911 3399 1977 3403 —
2020 3373 2072 3418 H
2094 3387 2148 3417 a—

253 3448 419 3496 rald
485 3447 897 3506 Lindberg.

120 3550 208 3597 Cfr
241 3566 292 3598 n.
336 3550 449 3599 126.
