2357 3984
2082 234 2157 275 187

458 350 615 403 1691.
678 350 999 402 Hieraeium
1038 351 1353 403 diminuens
1392 353 1582 409 Norrl.‚
1622 351 1810 400 forma.

794 424 880 487 (H.
920 425 1165 473 obtextum
1202 425 1434 489 Dahlst.)

725 498 864 547 Sect.
907 498 1141 561 Vulgata,
1180 499 1249 547 H.
1289 514 1563 548 murorum.

135 647 530 701 Kuusamo,
588 661 683 707 par
725 647 1016 702 Kuusamo‚
1057 645 1111 693 in
1151 646 1286 695 silva
1326 662 1538 694 acerosa
1578 645 1967 694 humidiuscula
2003 646 2159 708 juxta

587 717 835 766 semitam
874 720 940 767 ad
978 718 1357 780 Laajusvaara.
1414 719 1477 767 30
1515 721 1631 768 Iun.
1676 717 1821 767 1936.

1363 867 1460 927 leg.
1501 867 1702 914 Harald
1741 866 2021 923 Lindberg.

130 1013 188 1060 111
224 1012 498 1081 Lapponia
534 1019 587 1061 et
621 1012 675 1060 in
713 1012 994 1062 Finlandia
1029 1013 1227 1061 boreali
1262 1015 1330 1063 ad
1365 1013 1640 1063 meridiem
1675 1029 1856 1061 versus
1890 1029 2057 1076 usque
2093 1017 2157 1063 ad

259 1085 544 1135 Savoniam
588 1086 853 1134 borealem
897 1091 982 1134 sat
1024 1085 1328 1148 frequenter
1370 1086 1634 1150 provenit.

551 1365 710 1417 1692.
771 1365 1096 1417 Hieraeium
1136 1365 1478 1428 integratum
1518 1368 1731 1416 Dahlst.

720 1440 857 1489 Sect.
902 1440 1137 1503 Vulgata,
1176 1441 1245 1489 H.
1285 1456 1560 1489 murorum.

123 1586 471 1643 Alandia,
529 1603 650 1649 opp.
696 1566 1043 1643 Mariehamri,
1088 1587 1143 1634 in
1186 1589 1444 1637 betuletO.
1508 1587 1537 1635 9
1582 1588 1681 1637 Iul.
1730 1587 1874 1637 1943.

1360 1736 1459 1797 leg.
1497 1736 1701 1786 Harald
1738 1736 2020 1798 Lindberg.

119 1881 351 1930 Tantum
384 1882 439 1930 in
477 1882 706 1932 Alandia
743 1883 950 1932 crescit.

455 2162 615 2214 1693.
677 2163 1000 2215 Hieracium
1039 2162 1296 2215 orbieans
1336 2165 1569 2226 Almqu.,
1610 2165 1820 2213 Dahlst.

713 2237 852 2286 Sect.
896 2238 1131 2301 Vulgata,
1170 2238 1240 2286 H.
1279 2253 1556 2287 murorum.
1652 2238 1659 2242 ’

118 2384 465 2440 Alandia,
524 2401 645 2447 opp.
692 2384 1038 2442 Mariehamn,
1083 2385 1137 2433 in
1181 2386 1438 2433 betuleto.
1502 2384 1532 2432 9
1577 2386 1675 2434 Iul.
1727 2384 1869 2434 1943.

1354 2534 1452 2594 leg.
1494 2532 1696 2582 Harald
1733 2533 2016 2595 Lindberg.

114 2678 346 2727 Tantum
385 2679 439 2726 in
482 2679 709 2729 Alandia
750 2680 958 2729 crescit.

314 2959 473 3011 1694.
536 2959 861 3012 Hieraeium
901 2960 1217 3023 lepistoides
1258 2963 1325 3010 K.
1368 2962 1491 3021 Joh.
1540 2960 1731 3023 (Norrl.
1772 2961 1952 3024 vidit).

710 3034 849 3083 Sect.
894 3035 1127 3097 Vulgata,
1165 3035 1237 3083 H.
1275 3050 1552 3084 murorum.
1753 3035 1756 3038 ⁴

112 3181 489 3230 Tavastia
544 3182 950 3250 australis,
1010 3183 1197 3242 Nyniis
1244 3198 1408 3246 prope
1454 3199 1577 3246 opp.
1628 3182 1876 3239 Heinola,
1923 3182 1978 3230 in
2022 3182 2149 3244 jugo

1032 3255 1275 3319 pinifero.
1343 3254 1402 3304 17
1444 3257 1542 3305 Iul.
1590 3255 1736 3305 1909.

1349 3404 1448 3465 leg.
1486 3403 1691 3452 Harald
1728 3402 2014 3464 Lindberg.

113 3552 208 3597 Per
240 3554 419 3599 totum
455 3549 562 3598 fere
596 3549 924 3598 territorium
962 3549 1277 3613 dispersum.
