2357 3984
2046 229 2118 269 195

532 342 688 393 1722.
752 342 1072 394 Hieraeium
1114 344 1474 395 subarctoum
1515 346 1684 393 Norrl.

641 416 779 465 Sect.
822 416 1054 477 Vulgata,
1094 418 1163 466 H.
1201 417 1402 480 vulgata
1437 423 1577 467 s.str.

99 563 494 618 Ku'usamo,
552 579 662 626 par.
704 564 994 620 Kuusanm,
1037 564 1370 626 Paanajarvi,
1407 564 1461 612 in
1499 564 1804 626 caespitibus
1840 566 1891 612 in
1932 568 2120 628 palude

551 636 707 696 juxta
744 635 802 684 fl.
844 637 1164 698 Mantyjoki.
1230 639 1286 685 15
1327 639 1423 686 Iul.
1469 635 1613 685 1936.

1329 786 1426 845 leg.
1465 785 1664 833 Harald
1706 785 1986 843 Lindberg.

96 930 153 974 In
198 929 469 992 Lapponia
512 936 563 977 et
609 930 888 978 Finlandia
930 930 1125 979 boreali
1169 931 1298 979 satis
1339 931 1638 992 frequenter
1679 932 1880 981 crescit.

308 1206 466 1259 1723.
530 1207 854 1259 Hieraeium
894 1208 1242 1260 intematum
1270 1213 1460 1259 Brenn.
1501 1209 1689 1272 (Norrl.
1723 1210 1902 1273 vidit).

639 1281 777 1331 Sect.
819 1282 1053 1345 Vulgata,
1092 1283 1161 1332 H.
1199 1283 1400 1346 vulgata
1434 1289 1574 1332 s.str.

89 1428 229 1488 Nyl
251 1444 336 1477 an
359 1430 496 1484 dia,
553 1445 694 1550 {358
709 1430 1010 1490 Kyrkslatt,
1054 1431 1307 1481 Vecklax.
1348 1431 1401 1477 in
1444 1446 1571 1493 rupe
1606 1431 1661 1478 in
1701 1431 1854 1480 silva.
1916 1431 1980 1480 28
2020 1434 2118 1483 Iul.

1327 1654 1424 1712 leg.
1462 1653 1663 1700 Harald
1701 1653 1982 1714 Lindberg.

87 1798 147 1843 In
185 1813 294 1859 par.
338 1799 623 1858 Kyrkslatt
661 1804 876 1846 tantum
911 1800 1110 1847 lectum
1148 1806 1244 1847 est.

387 2048 545 2100 1724.
607 2048 931 2100 Hieracium
972 2048 1353 2100 SileniiNorrl.
1400 2050 1601 2112 (auctor
1638 2050 1815 2113 vidit).

632 2123 771 2172 Seet.
814 2123 1049 2186 Vulgata,
1086 2123 1156 2172 H.
1194 2123 1395 2186 vulgata
1430 2128 1570 2172 §.stn

86 2270 224 2331 Ny]
247 2271 423 2320 andi
450 2287 495 2326 a,
553 2287 690 2392 Ρὲὃῖ
705 2272 1007 2331 Kyrkslatt,
1045 2271 1097 2318 in
1136 2272 1269 2319 silva
1304 2271 1460 2332 juxta
1496 2272 1595 2320 lac.
1634 2271 1892 2320 Vittrask.
1949 2272 1980 2320 8
2018 2275 2115 2324 Iul.

561 2345 582 2393 ‘l
701 2385 708 2392 .

1321 2493 1418 2553 leg.
1456 2493 1658 2541 Harald
1697 2493 1979 2555 Lindberg.

84 2640 143 2684 In
176 2638 453 2687 Finlandia
483 2640 702 2688 australi
729 2646 783 2688 et
810 2639 986 2688 media
1010 2655 1177 2701 usque
1205 2641 1272 2688 ad
1301 2640 1725 2688 Ostrobottniam
1758 2640 2110 2702 Kajanensem

558 2719 640 2761 sat
683 2712 984 2775 frequenter
1026 2713 1319 2775 dispersum
1363 2719 1459 2761 est.

372 2962 530 3014 1725.
593 2962 918 3015 Hieraeium
959 2962 1149 3014 Silenii
1187 2964 1358 3012 Norrl.
1405 2970 1609 3026 (auctor
1645 2964 1822 3027 vidit).

629 3037 768 3087 Seet.
810 3037 1045 3101 Vulgata,
1082 3037 1152 3086 H.
1191 3037 1392 3101 vulgata
1426 3042 1567 3086 s.str.

91 3183 425 3232 Savonia
479 3185 840 3242 borealis,
898 3201 1008 3306 pgr1.
1051 3185 1239 3244 JoroiS,
1282 3185 1567 3245 Jarvikyla
1602 3185 1657 3232 in
1694 3184 1850 3234 silva.
1909 3185 1970 3233 31
2013 3187 2112 3234 Iul.

910 3259 933 3307 1
1010 3259 1053 3308 1.

1317 3406 1416 3468 leg.
1453 3405 1657 3454 Harald
1693 3406 1976 3465 Lindberg.

82 3536 169 3584 Cfr
196 3553 249 3585 n.
286 3535 436 3586 1724.
