2357 3984
2107 257 2159 298 51

652 371 810 423 1217.
852 371 1184 423 Alchemilla
1224 372 1423 425 obtusa
1467 375 1645 422 Buser.

136 493 187 538 N
201 489 521 550 ylandia
574 504 686 550 par.
731 487 1040 549 ΚγτΙζ51ἔῑῒ1ῑ,
1092 488 1146 536 in
1197 488 1520 538 subhumido
1573 496 1728 553 prato
1770 492 1907 541 inter
1947 493 2167 543 frutices

576 577 739 624 prope
779 562 937 624 praed.
984 560 1206 623 Nygard
1245 561 1297 609 in
1337 578 1479 624 pago
1508 554 1757 625 Osterby.
1792 566 1855 614 23
1884 570 1986 617 Iun
2018 565 2166 615 1908

1343 666 1441 724 leg.
1486 668 1689 714 Harald
1732 667 2017 731 Lindberg.

137 739 224 788 Cir
264 756 314 786 n.
361 737 474 786 746.

595 885 753 936 1218.
814 885 1147 936 Alchemilla
1184 884 1440 947 alpestris
1481 888 1721 936 Schmidt

136 1032 180 1081 T
199 1050 229 1081 a
249 1051 285 1081 v
307 1050 337 1081 a
358 1049 381 1080 5
401 1038 425 1080 t
445 1033 462 1080 i
485 1050 515 1081 a
562 1050 592 1082 a
612 1047 647 1081 u
669 1049 692 1080 5
712 1039 736 1080 t
760 1048 783 1079 r
804 1049 834 1081 a
854 1033 870 1079 1
890 1033 906 1080 i
929 1049 969 1089 s,
1026 1048 1139 1094 par.
1177 1033 1449 1148 Birkkgg}
1489 1033 1711 1091 Rahola,
1748 1035 1801 1082 in
1838 1037 2172 1096 graminosis.

1043 1105 1105 1153 23
1145 1107 1264 1153 Iun.
1312 1106 1363 1151 1„
1388 1140 1456 1153 .

1449 1254 1548 1314 leg.
1588 1254 1684 1301 Th.
1724 1255 2034 1304 Gronblom.

136 1402 198 1447 In
234 1400 461 1448 Alandia
493 1399 797 1462 frequenter
829 1405 923 1448 aut
956 1399 1384 1462 frequentissime
1416 1400 1676 1462 provenit,
1710 1402 1764 1449 in
1799 1403 2018 1451 australi
2050 1404 2171 1452 Fin-

299 1473 481 1522 landia
506 1489 621 1521 raro
646 1472 875 1521 occurrit
901 1479 954 1520 et
978 1488 1136 1535 supra
1161 1469 1356 1529 63012',
1375 1472 1467 1520 ubi
1490 1471 1601 1533 jam
1629 1474 1911 1529 rarissima,
1937 1478 2171 1525 nondum

299 1547 440 1594 lecta
484 1551 581 1594 est.

624 1766 784 1818 1219.
845 1766 1180 1818 Alchemilla
1217 1768 1564 1830 acutangula
1603 1773 1768 1817 Buser

137 1914 171 1963 S
191 1931 220 1963 a
242 1921 265 1961 t
288 1931 317 1962 a
341 1917 375 1962 k
394 1931 430 1962 u
450 1931 483 1960 n
505 1922 527 1962 t
552 1932 597 1971 a,
656 1931 767 2036 gar.
826 1916 1064 2035 Kfiiqu7ku’
1123 1914 1288 1967 Tulla,
1344 1916 1397 1962 in
1453 1917 1767 1973 graminosis
1821 1918 2172 1967 subhumidiS.

723 1989 824 2036 Iul.
868 1989 954 2035 ·1.1
1001 2029 1008 2036 .

135 2133 198 2182 Cf
352 2134 449 2181 7ίο
1498 2064 1597 2123 leg.
1638 2066 1698 2112 O.
1740 2067 2034 2112 Meurman.

202 2151 225 2181 r
259 2151 311 2182 n.
401 2154 415 2180 ι
462 2175 470 2182 .

645 2311 805 2362 1220.
867 2311 1203 2363 Alchemilla
1242 2311 1463 2363 micans
1502 2317 1667 2362 Buser

135 2459 548 2518 Nylandia,
607 2458 962 2520 Helsingfors,
1016 2460 1070 2507 in
1123 2460 1440 2520 graminosis
1493 2443 1859 2509 subumbrosis
1910 2463 1962 2509 in
2015 2462 2174 2510 horto

569 2532 842 2581 botanico.
900 2532 959 2581 21
1000 2535 1118 2580 Iun.
1163 2532 1303 2581 1915.

1373 2638 1471 2697 leg.
1510 2638 1713 2687 Harald
1750 2640 2034 2700 Lindberg.

134 2784 195 2830 In
242 2783 519 2832 Finlandia
562 2784 805 2832 orientali
846 2783 1148 2846 frequenter
1189 2786 1257 2832 ad
1300 2782 1492 2841 63010‘,
1536 2785 1588 2832 in
1633 2786 1949 2834 occidentali
1988 2791 2168 2835 autem

301 2872 417 2904 raro
447 2856 692 2913 occurrit,
727 2858 794 2905 ad
825 2857 1242 2918 septentrionem
1273 2874 1455 2905 versus
1486 2874 1651 2920 usque
1683 2859 1749 2907 ad
1783 2858 1872 2906 640
1901 2860 2039 2908 lecta
2070 2866 2166 2909 est.

701 3090 859 3158 1221.
921 3107 1072 3158 Rosa
1109 3107 1507 3159 cinnamomea
1543 3080 1600 3160 L.

132 3225 176 3273 T
196 3243 226 3273 a
247 3243 281 3273 v
305 3242 334 3272 a
355 3242 379 3273 s
399 3232 422 3273 t
443 3226 459 3273 i
483 3243 512 3273 a
569 3243 598 3273 a
620 3242 655 3272 u
676 3242 699 3273 s
720 3231 743 3273 t
768 3241 791 3272 r
813 3226 978 3282 alis,
1002 3242 1114 3288 par.
1153 3224 1360 3283 TeiskO,
1400 3226 1609 3283 Annila,
1645 3227 1700 3274 in
1737 3228 1867 3274 colle
1902 3227 2162 3276 silvatico,

1038 3298 1100 3346 27
1133 3301 1250 3347 Iun.
1283 3305 1335 3348 et
1368 3299 1431 3347 25
1461 3302 1594 3360 Aug.
1633 3298 1774 3347 1917*

1573 3447 1671 3505 leg.
1714 3447 1775 3492 R.
1817 3446 2026 3493 Idman.

135 3521 232 3567 Per
264 3525 444 3566 totum
477 3519 807 3567 territorium
843 3519 1095 3581 dispersa.
