2357 3984
225 183 300 224 198

637 301 806 353 1734.
869 300 1193 352 Hieracium
1233 299 1622 362 constringens
1661 302 1831 350 Norrl.

768 376 907 424 Sect.
951 375 1186 438 Vulgata,
1226 374 1295 423 H.
1334 374 1535 437 vulgata
1570 381 1710 424 s.str.

208 524 555 579 Alandia‚
621 540 748 585 opp.
798 523 1146 578 Mariehamn,
1193 522 1246 569 in
1293 522 1530 582 margine
1574 522 1818 571 betuleti.
1883 520 1914 569 9
1960 524 2059 572 Iul.
2111 522 2254 573 1943.

1461 670 1557 730 leg.
1596 669 1799 718 Harald
1837 669 2121 732 Lindberg.

216 821 275 866 In
321 819 551 868 Alandia
592 824 674 866 sat
714 817 1017 879 frequenter
1055 818 1261 865 crescit.

697 1096 854 1149 1735.
917 1096 1244 1149 Hieraeium
1286 1095 1560 1148 vicarium
1600 1097 1770 1145 Norrl.

753 1171 891 1220 Sect.
935 1171 1170 1234 Vulgata,
1209 1171 1278 1219 H.
1317 1171 1516 1234 vulgata
1551 1176 1691 1219 s.str.

218 1323 376 1368 Kuu
400 1336 548 1369 sam
572 1338 617 1377 o,
675 1336 785 1385 par.
839 1321 1133 1376 Kuusamo,
1182 1319 1237 1366 in
1287 1334 1415 1382 rupe
1466 1318 1844 1367 Ruskeakallio
1889 1319 1943 1366 in
1994 1319 2107 1382 ripa
2152 1320 2236 1368 lac

679 1393 1020 1455 Paanajzirvi.
1081 1392 1139 1441 18
1173 1393 1273 1441 Iul.
1313 1391 1460 1442 1936.

1455 1542 1552 1602 leg.
1592 1541 1794 1589 Harald
1832 1541 2116 1603 Lindberg.

202 1691 566 1740 Calathidium
614 1691 782 1739 dilute
826 1691 1049 1745 luteum,
1102 1689 1301 1736 25--28
1345 1705 1455 1735 mm
1501 1690 1687 1744 latum,
1737 1688 2098 1745 densiflorum,
2146 1705 2251 1737 non

350 1765 581 1814 radians,

209 1841 267 1885 In
305 1838 580 1903 Lapponia
615 1838 780 1886 etiam
815 1838 1021 1886 erescit.

436 2088 595 2141 1736.
659 2088 983 2141 Hieraeium
1024 2088 1332 2151 galbanum
1372 2089 1584 2138 Dahlst.
1628 2087 1816 2151 (Norrl.
1855 2088 2033 2151 vidit).

865 2163 1005 2212 Sect.
1049 2163 1284 2227 Vulgata,
1323 2163 1393 2211 H.
1432 2162 1598 2211 ccesia.

211 2316 260 2360 N
280 2314 349 2374 yl
375 2330 405 2362 a
426 2329 462 2360 n
484 2312 552 2362 di
576 2329 623 2370 a,
682 2328 792 2374 par.
823 2313 1126 2372 Kyrkslzitt,
1157 2312 1336 2368 Vohls,
1364 2311 1417 2359 in
1444 2310 1580 2359 silva
1607 2326 1836 2359 acerosa.
1889 2309 1949 2358 14
1976 2311 2074 2359 Iul.
2108 2308 2250 2359 1907.

1454 2460 1552 2520 leg.
1590 2459 1793 2507 Harald
1831 2458 2115 2520 Lindberg.

210 2610 270 2656 In
315 2609 602 2657 Finlandia
639 2624 806 2670 usque
845 2610 911 2657 ad
956 2605 1232 2656 Kuusamo
1270 2607 1571 2669 frequenter
1609 2607 1842 2654 obvium.

419 2917 578 2970 1737.
642 2917 968 2970 Hieracium
1006 2917 1315 2981 galbanum
1355 2918 1568 2966 Dahlst.
1607 2916 1796 2978 (Norrl.
1830 2915 2009 2979 vidit).

859 2992 1000 3042 Sect.
1043 2992 1282 3056 Vulgata,
1320 2991 1391 3039 H.
1429 2990 1597 3039 caesia.

212 3140 552 3189 Savonia
608 3140 971 3197 borealis,
1028 3156 1139 3260 Ρεξ.
1188 3139 1379 3260 Ιοτοέε,
1432 3130 1685 3194 ὥῐῃενϋζ,
1732 3137 1787 3185 in
1833 3137 1969 3185 silva
2016 3112 2246 3186 acetosa.

1042 3215 1063 3262 1
1141 3214 1241 3261 Iul.
1288 3213 1310 3261 1
1356 3213 1431 3262 11.

1452 3359 1551 3421 leg.
1588 3359 1793 3407 Harald
1829 3358 2111 3418 Lindberg.

221 3510 308 3556 cfr
343 3526 394 3557 n.
447 3508 581 3558 1736.
