2357 3984
2004 230 2101 274 231*

671 349 833 403 1864.
893 348 996 403 Iris
1034 349 1413 414 pseudaeorus
1449 353 1506 403 L.

60 501 199 560 Nyl
224 499 398 548 andi
423 516 469 553 3,
527 515 638 560 par,
678 499 944 560 Helsinge,
988 499 1270 555 Riickhals,
1308 499 1363 546 in
1403 514 1559 560 aqua.
1621 496 1682 545 24
1722 498 1838 545 Iun.
1884 495 2025 545 1937.

1330 646 1427 705 leg.
1468 645 1605 693 Aino
1646 645 1958 692 Roivainen.

63 797 122 841 In
154 794 431 842 Finlandia
460 793 679 841 australi
707 798 760 840 et
788 793 962 841 medie
989 793 1119 840 satis
1146 793 1449 855 frequenter
1474 821 1539 826 -Α
1577 791 1773 853 passim
1808 791 2090 843 invenitur,

193 868 261 916 ad
294 867 711 932 septentrionem
747 882 928 914 versus
961 866 1014 913 in
1052 872 1202 929 parte
1236 866 1468 914 maxime
1503 864 1818 914 occidentali
1845 864 2092 913 territorii

191 956 360 1002 usque
393 939 458 989 ad
495 940 585 987 660
617 940 901 989 indicatur.

616 1220 775 1272 1865.
838 1221 1035 1273 orchis
1073 1221 1394 1273 maculatus
1429 1224 1492 1275 L.

59 1368 102 1417 T
123 1385 152 1417 3
172 1385 208 1418 v
230 1384 260 1416 a
281 1385 305 1416 s
325 1375 348 1416 t
369 1368 385 1416 i
409 1385 439 1416 a
495 1384 525 1416 a
546 1383 581 1416 u
602 1385 625 1416 s
645 1375 669 1416 t
693 1384 716 1415 r
738 1368 902 1425 alis,
960 1384 1071 1430 par.
1118 1368 1408 1429 Tyrvimto,
1456 1368 1797 1424 Melkissiinem
1842 1368 1897 1415 in
1941 1374 2095 1434 prato

959 1440 1284 1491 subhumido
1321 1442 1377 1489 in
1416 1442 1569 1490 silva.
1635 1440 1694 1490 10
1736 1442 1834 1490 Iul.
1883 1438 2025 1490 1935.

1109 1591 1241 1651 legg.
1280 1589 1483 1638 Hilkka
1518 1595 1572 1637 et
1612 1589 1678 1636 K.
1717 1589 1959 1641 Linkola.

60 1739 123 1785 In
165 1742 284 1786 tota
330 1736 612 1786 Finlandia
655 1737 786 1785 satis
829 1737 1133 1799 frequenter
1176 1743 1270 1786 aut
1314 1736 1618 1799 frequenter
1660 1737 1862 1792 crescit,
1898 1737 1965 1784 ad
1983 1752 2095 1798 sep—

191 1811 517 1862 tentrionem
554 1827 736 1860 versus
774 1811 1073 1873 frequentia
1110 1811 1384 1866 minuitur,
1423 1812 1515 1860 sed
1551 1826 1719 1873 usque
1757 1811 1825 1859 ad
1862 1825 2094 1857 summos

192 1885 576 1947 septentriones
622 1891 684 1933 ut
733 1885 897 1933 etiam
945 1885 999 1932 in
1050 1885 1315 1946 regionem
1362 1884 1699 1947 subalpinam
1748 1884 2092 1946 progreditur.

624 2181 784 2234 1866.
846 2181 995 2234 Salix
1034 2182 1398 2244 amygdalina
1436 2185 1493 2233 Ι..

62 2331 461 2386 Kuusamo,
519 2345 631 2393 par.
688 2332 984 2385 Kuusamo,
1041 2330 1330 2394 Kauppila,
1383 2330 1482 2378 ins.
1537 2329 1839 2378 Hietasaari
1890 2329 1945 2376 in
1996 2329 2095 2377 lac.

524 2403 864 2465 Paanajzirvi.
927 2404 984 2453 11
1027 2404 1127 2452 Iul.
1173 2401 1321 2452 1936.

1298 2552 1397 2612 leg.
1434 2550 1641 2599 Harald
1676 2549 1961 2611 Lindberg.

62 2699 150 2747 Cfr
183 2715 235 2747 n.
276 2698 388 2748 583.
448 2699 747 2761 Specimina
784 2699 1075 2747 distributa
1110 2716 1175 2747 ex
1213 2701 1400 2748 eodem
1435 2698 1625 2746 frutice
1660 2704 1818 2759 capta
1853 2704 1994 2745 sunt.

664 2995 823 3047 1867.
887 2995 1035 3047 salix
1075 2996 1361 3058 nigricans
1398 2997 1507 3045 Sm.

67 3145 465 3199 KuusamO,
521 3159 634 3208 par.
682 3146 977 3200 KuusamO,
1026 3143 1364 3205 Paanajssrvh
1408 3143 1462 3191 in
1505 3142 1743 3204 margine
1784 3141 1842 3190 fl.
1887 3144 2097 3201 Manty-

520 3216 655 3278 joki.
721 3216 787 3266 28
829 3217 929 3266 Iul.
980 3214 1127 3266 1936.

1298 3380 1397 3440 leg.
1434 3377 1641 3428 Harald
1677 3376 1962 3438 Lindberg.

65 3539 153 3588 Cir
183 3556 235 3589 11.
275 3538 418 3590 1110.
473 3541 772 3602 Specimina
805 3541 1095 3590 distributa
1128 3555 1190 3588 ex
1227 3543 1413 3589 eodem
1444 3540 1634 3590 frutice
1665 3545 1823 3602 capta
1856 3546 2049 3596 sunt„
