2357 3984
229 288 287 328 22

476 406 636 487 1092.
702 407 875 459 carex
914 407 1150 470 digitata
1173 410 1233 462 L.
1288 424 1322 458 ><
1370 408 1427 462 c.
1467 411 1800 474 ornithopus
1835 413 2010 463 Wind.

925 481 1001 544 (C.
1038 482 1237 544 Dufstii
1270 484 1565 565 Hausskn.)

219 584 357 633 Ala
376 599 413 632 11
436 584 503 634 (1
489 600 507 632 1
530 600 576 642 3,
634 600 745 647 par.
779 584 1007 644 Jomala,
1039 585 1095 633 in
1126 591 1282 649 prato
1311 585 1562 637 frondoso
1593 604 1757 652 prope
1788 590 2045 652 oppidum
2076 591 2264 641 Marie-

634 658 815 716 hamn‚
845 658 986 707 inter
1013 665 1259 723 parentes
1295 659 1364 723 (n.
1402 658 1526 709 1091
1559 667 1613 711 et
1649 660 1932 726 1094).14
1962 665 2080 713 Ι1111.
2118 662 2263 715 1909.

1327 763 1426 825 leg.
1469 768 1538 812 et.
1582 765 1690 813 det.
1730 766 1793 815 A.
1832 766 2127 828 Palmgren.

216 834 456 883 Tantum
488 835 604 884 loco
636 850 795 899 supra
830 836 993 884 allato
1024 836 1164 885 lecta
1197 842 1296 886 est.

678 1054 842 1107 1093.
909 1056 1081 1108 carex
1120 1056 1447 1119 pediformis
1482 1057 1538 1108 C.
1576 1060 1639 1109 A.
1677 1062 1817 1120 Mey.

948 1130 1021 1179 *C
1029 1170 1038 1180 .
1077 1130 1302 1180 rhizodes
1342 1131 1537 1195 (Blytt)

215 1234 260 1283 T
281 1251 311 1283 3
334 1250 369 1282 v
392 1250 423 1283 3
442 1250 466 1282 s
488 1241 510 1282 t
531 1234 548 1282 i
572 1250 603 1283 3
659 1251 689 1283 3
707 1248 746 1283 11
764 1250 789 1283 s
809 1240 833 1283 t
857 1251 881 1282 r
901 1251 931 1284 3
951 1236 1005 1283 li
1026 1252 1066 1293 S,
1124 1251 1221 1299 par
1250 1238 1572 1298 Kangasala,
1599 1237 1655 1285 in
1681 1237 1822 1299 iugo,
1871 1236 1936 1286 28
1963 1240 2080 1288 Iun.
2116 1237 2261 1290 1928.

1584 1342 1682 1404 leg.
1723 1343 1784 1392 G.
1823 1343 2124 1394 Markland.

218 1413 307 1462 Cfr
341 1430 393 1462 n.
434 1412 547 1470 532,
589 1411 703 1462 533.

738 1633 900 1687 1094.
966 1634 1140 1687 carex
1179 1635 1516 1699 ornithopus
1550 1637 1729 1687 Willd.

218 1740 301 1789 Al
324 1756 354 1788 3
375 1756 409 1787 11
432 1739 499 1789 d
485 1755 502 1787 1
526 1756 573 1796 3,
630 1755 741 1802 par.
776 1740 1004 1799 Jomala,
1035 1740 1092 1788 in
1123 1746 1279 1804 prato
1309 1740 1559 1791 frondoso
1590 1757 1753 1804 prope
1784 1742 2041 1804 oppidum
2072 1742 2259 1792 Marie-

629 1814 810 1870 hamn,
836 1828 1086 1863 unacum
1112 1812 1849 1872 n.1091‚1092.141un.et
1875 1815 1940 1864 26
1964 1818 2082 1865 Iun.
2112 1814 2258 1866 1909.

217 1991 279 2041 Cf
433 1990 531 2040 534
1586 1920 1684 1981 leg
1728 1921 1786 1968 A.
1827 1920 2120 1981 Palmgren.

282 2008 305 2039 r
341 2008 393 2041 n.
541 2032 550 2041 .

607 2212 768 2265 1095.
835 2213 1007 2265 Carex
1046 2213 1200 2264 flava
1233 2217 1293 2267 L.
1327 2213 1365 2264 f.
1402 2213 1633 2278 dispersa
1668 2217 1858 2264 Neum.

779 2286 1040 2350 (Sveriges
1075 2287 1211 2337 flora
1253 2286 1439 2351 (1901),
1479 2305 1530 2352 p.
1569 2286 1691 2350 696)

207 2391 241 2442 S
263 2409 293 2441 3
312 2398 336 2440 1
360 2408 390 2441 3
412 2393 448 2442 k
467 2408 503 2440 u
525 2408 558 2439 n
578 2398 603 2440 t
625 2409 672 2449 3,
731 2407 842 2455 par.
890 2392 1162 2449 Birkkala,
1211 2392 1550 2450 Pitkaniemi,
1594 2392 1650 2440 in
1694 2398 1849 2455 prato
1890 2393 2127 2442 humido,
2197 2393 2255 2442 12

743 2466 842 2515 Iul.
886 2463 1031 2515 1914.

1572 2541 1671 2602 leg.
1709 2542 1779 2589 H.
1818 2541 1881 2589 A.
1921 2540 2117 2589 Printz.

204 2644 414 2707 Species
438 2644 493 2692 in
520 2643 767 2693 orientali
794 2650 947 2707 parte
972 2643 1268 2693 Finlandiae
1293 2643 1541 2692 australis
1568 2649 1621 2692 et
1647 2643 1836 2692 mediae
1859 2660 1997 2706 saepe
2012 2643 2253 2707 frequen·
2279 2664 2283 2668 ·

369 2723 452 2767 ter
493 2747 560 2752 —
599 2717 1029 2781 frequentissime
1069 2723 1124 2767 et
1166 2717 1376 2781 copiose
1416 2746 1484 2752 —
1525 2717 1884 2780 copiosissime
1925 2717 2156 2776 obviam,
2197 2717 2253 2766 in

370 2792 604 2841 maxime
656 2791 975 2841 occidentali
1027 2796 1180 2855 parte
1231 2797 1414 2841 autem
1467 2791 1779 2855 plerumque
1831 2806 1947 2840 raro
1999 2797 2094 2840 aut
2145 2807 2251 2840 non

367 2865 645 2915 invenitur
683 2871 736 2914 et
775 2870 992 2923 tantum
1027 2865 1084 2914 in
1125 2865 1357 2915 Alandia
1394 2865 1598 2928 majore
1635 2864 1937 2928 frequentia
1962 2864 2250 2915 indicatur.

373 2938 456 2988 Ad
496 2939 916 3002 septentrionem
956 2954 1140 2988 versus
1180 2938 1483 3002 frequentia
1522 2939 1797 2996 minuitur,
1841 2940 1934 2988 sed
1973 2953 2143 3001 usque
2183 2939 2252 2989 ad

371 3027 640 3061 summum
677 3012 1097 3076 septentrionem
1131 3012 1419 3063 indicatur.
1478 3012 1670 3062 Forma
1709 3012 1999 3061 distributa
2036 3017 2251 3061 tantum

370 3087 485 3134 loco
518 3102 677 3150 supra
708 3087 949 3136 indicato
978 3087 1035 3135 in
1067 3085 1355 3136 Finlandia
1384 3086 1525 3135 lecta
1556 3092 1655 3135 est.

617 3264 779 3315 1096.
845 3265 1019 3316 Carex
1057 3263 1302 3315 rostrata
1333 3264 1521 3314 Stokes
1553 3280 1639 3326 ap.
1674 3264 1839 3312 With.

871 3339 945 3400 (C.
985 3338 1302 3402 ampullacea
1338 3336 1527 3400 Good.)

202 3444 254 3489 N
273 3459 308 3501 y
330 3442 346 3488 1
369 3457 454 3490 an
481 3443 515 3490 d
535 3442 552 3489 i
575 3458 623 3499 3,
685 3441 1023 3499 Tvarminne,
1051 3441 1334 3502 syndalen,
1357 3442 1412 3489 in
1437 3442 1551 3504 ripa
1574 3442 1846 3504 paludosa,
1873 3440 1935 3488 22
1959 3442 2075 3489 Ι1111.
2105 3438 2246 3489 1933.

207 3617 297 3666 Cfr
329 3634 365 3665 n
425 3617 522 3665 545»
1637 3545 1734 3606 leg.
1773 3544 1836 3595 E.
1875 3543 2110 3604 Hayre'n.
