2357 3984
574 325 738 377 1005.
801 323 1170 385 Botryehium
1210 322 1434 374 lunaria
1477 320 1575 383 (L.)
1616 320 1714 369 Sw.

135 475 186 521 K
208 489 237 521 a
260 489 283 520 r
303 491 330 521 e
350 474 365 519 1
386 473 402 520 i
424 489 455 521 3
512 475 555 525 L
574 488 604 520 3
626 473 660 520 d
681 488 712 519 o
734 487 765 532 g
786 488 813 519 e
833 486 867 517 n
889 471 947 517 si
970 486 1009 523 5,
1068 485 1177 531 par.
1225 468 1520 524 Sortavala,
1569 466 1865 523 Melloinen,
1910 466 1965 513 in
2009 471 2164 527 prato

1069 543 1210 590 sicco
1242 557 1404 605 prope
1435 540 1734 590 Vuorlahti.
1792 538 1852 587 12
1884 538 1982 587 Iul.
2022 536 2166 586 1932.

782 691 913 750 legg.
952 692 1021 736 H.
1062 688 1320 744 Pullinen,
1360 689 1423 736 A.
1461 687 1717 744 Tiirikka‚
1758 689 1826 735 H.
1864 685 2034 734 Tulla.

129 841 191 886 In
213 844 331 886 tota
353 838 460 886 fere
484 836 767 884 Finlandia
790 841 843 883 et
868 834 1143 899 Lapponia
1164 848 1333 895 usque
1356 835 1425 882 ad
1445 847 1717 881 summum
1735 833 2165 895 septentrionem,

291 911 590 972 regionibus
622 908 981 971 superioribus
1013 907 1300 970 Lapponiae
1328 912 1545 956 tantum
1577 907 1828 969 exceptiS,
1862 906 2171 969 plerumque

289 985 488 1047 passim
538 989 633 1032 aut
686 983 869 1037 rarius,
922 982 1192 1030 interdum
1244 986 1425 1029 autem
1476 980 1805 1042 frequentius
1855 979 2101 1028 occurrit.

635 1203 795 1255 1006.
859 1202 1128 1254 Pilularia
1166 1201 1505 1264 globulifera
1541 1203 1601 1254 L.

133 1355 178 1403 T
195 1371 227 1403 3
246 1371 282 1402 v
304 1370 335 1402 3
355 1370 379 1402 5
399 1360 423 1402 t
444 1354 459 1401 i
483 1370 513 1401 3
570 1369 599 1400 3
618 1367 655 1400 u
676 1368 699 1399 5
720 1358 743 1399 t
767 1367 790 1398 r
812 1368 842 1399 3
862 1351 875 1397 ]
899 1351 915 1398 i
937 1367 976 1406 5,
1036 1366 1147 1412 par.
1189 1347 1534 1411 Luopioinen‚
1574 1348 1630 1395 in
1658 1363 1793 1411 pago
1827 1327 2169 1404 Puntikkala,

1033 1424 1089 1471 in
1133 1423 1256 1473 lacu
1304 1422 1665 1485 Kukkiajarvi
1710 1422 1869 1484 juxta
1914 1421 2174 1484 praedium

1042 1497 1280 1554 Saksala,
1339 1498 1395 1545 in
1452 1496 1620 1546 fundo
1676 1496 1864 1544 limoso
1919 1496 1976 1543 in
2034 1510 2175 1558 aqua

1037 1572 1121 1620 Οἱ)
1157 1587 1212 1618 m
1249 1571 1379 1628 alta,
1416 1571 1556 1620 inter
1593 1569 1808 1633 Scirpus
1843 1569 2081 1618 lacustris
2116 1575 2171 1617 et

1038 1645 1372 1709 Phragmz‘teS.
1440 1644 1505 1692 24
1549 1646 1684 1706 Aug.
1738 1642 1884 1692 1933.

1627 1792 1726 1853 leg.
1768 1795 1832 1840 R.
1873 1791 2039 1839 Beck.

129 1945 361 1995 Tantum
389 1945 504 1993 loco
533 1959 691 2006 supra
721 1943 885 1992 allato
913 1943 968 1989 in
1001 1942 1284 1991 Finlandia
1312 1941 1451 1990 lecta
1481 1946 1577 1997 est,
1610 1956 1750 1988 anno
1786 1936 1912 1987 1933
1941 1939 2174 1987 detecta.

649 2164 810 2217 1007.
872 2164 1204 2227 Equisetum
1245 2162 1567 2214 silvaticum
1604 2164 1664 2215 L.

134 2316 525 2364 Satakunt
549 2331 595 2370 3,
653 2328 766 2375 par.
809 2314 980 2369 Kuru,
1021 2312 1076 2359 in
1117 2311 1344 2372 abiegno
1381 2310 1632 2360 umbroso
1670 2308 1827 2371 juxta
1869 2306 2176 2369 Taipaleen-

651 2387 815 2436 nierni
861 2387 917 2434 in
965 2402 1103 2449 pago
1154 2384 1594 2444 Parkkuunkylzi.
1668 2381 1728 2431 18
1776 2384 1908 2443 Aug.
1965 2379 2108 2429 1932.

1475 2532 1573 2592 leg.
1612 2531 1682 2578 H.
1721 2530 2042 2581 Edelmann.

135 2689 230 2733 Per
267 2689 445 2732 totum
484 2683 814 2731 territorium
853 2681 1157 2744 frequenter
1196 2686 1290 2728 aut
1330 2678 1761 2741 frequentissime
1800 2677 2111 2738 dispersum.

699 2932 859 2984 1008.
922 2932 1253 2995 Equisetum
1295 2942 1528 2981 arvense
1567 2931 1628 2982 L.

147 3082 189 3129 T
210 3098 239 3129 a
260 3099 294 3128 v
316 3098 345 3128 3
368 3097 390 3127 5
412 3087 435 3128 t
455 3081 470 3127 i
494 3097 524 3127 3
580 3097 609 3127 3
633 3095 665 3126 u
687 3096 709 3126 5
730 3085 753 3127 t
778 3095 800 3125 r
820 3079 886 3128 31
908 3079 923 3126 i
945 3095 985 3133 5,
1044 3094 1154 3140 par.
1179 3077 1510 3132 Safiksmiitki,
1536 3076 1741 3131 Ikkakr,
1762 3074 1817 3121 in
1837 3074 1973 3121 silva
1993 3073 2181 3134 grami-

1044 3167 1173 3198 nosa
1215 3151 1435 3198 humida
1467 3149 1633 3210 juxta
1677 3149 1848 3210 ripam
1890 3147 2054 3195 lacus,
2126 3146 2182 3193 12

1049 3225 1149 3272 Iul.
1193 3222 1340 3271 1933.

1557 3369 1654 3429 leg.
1697 3369 1763 3414 K.
1804 3368 2046 3419 Linkola.

151 3524 209 3568 ln
253 3521 433 3567 formis
477 3520 659 3567 multis
702 3535 793 3580 per
834 3524 1013 3565 totum
1053 3516 1379 3565 territorium
1425 3516 1737 3577 dispersum.
