2357 3984
619 410 777 461 1026.
840 410 1244 473 Potamogeton
1285 411 1508 473 alpinus
1544 412 1724 460 Balbis

160 558 286 604 Sat
311 557 549 604 akunt
573 573 618 610 a,
678 572 788 617 par.
826 557 1127 604 Kokemeki
1173 557 1407 619 (Kumo),
1452 558 1633 620 Sipila,
1673 559 1727 605 in
1770 559 1937 606 rivulo
1978 559 2184 608 Maalis-

680 629 867 690 jzirven
902 645 1049 692 puro.
1106 631 1134 677 5
1170 632 1301 692 Aug.
1343 629 1485 679 1932.

1577 778 1673 838 leg.
1712 780 1770 830 L.
1811 778 2049 840 Pohjala.

161 923 222 968 In
263 927 382 969 tota
425 922 705 971 Finlandia
746 928 799 970 et
841 924 1113 985 Lapponia
1154 924 1431 986 dispersus

163 1304 321 1356 1027.
386 1305 788 1367 Potamogeton
835 1306 1160 1368 gramineus
1204 1309 1263 1359 L.
1298 1324 1395 1355 var
1438 1307 1711 1368 fluviatilis
1757 1309 1840 1356 Fr.
1877 1308 1913 1356 f.
1967 1308 2190 1370 angusti-

993 1380 1148 1439 jolius
1185 1379 1424 1429 TiseliuS.

168 1557 210 1608 L
230 1571 260 1603 a
282 1571 317 1617 p
338 1571 373 1617 p
393 1572 424 1603 ο
444 1571 478 1602 n
499 1555 515 1602 i
539 1572 568 1603 a
626 1557 677 1602 K
698 1573 726 1604 e
746 1571 798 1602 m
821 1574 848 1604 e
868 1572 897 1603 n
923 1573 946 1604 s
966 1556 982 1604 i
1004 1573 1043 1612 s,
1102 1573 1212 1619 par.
1242 1557 1472 1614 Muonio‚
1501 1558 1555 1604 in
1582 1557 1803 1606 flumine
1831 1574 1992 1621 prope
2017 1565 2187 1622 temp—

1102 1631 1230 1678 lum.
1291 1629 1354 1677 22
1394 1632 1526 1691 Aug.
1571 1628 1715 1679 1916.

1596 1778 1693 1839 leg.
1732 1781 1783 1838 J.
1820 1779 2055 1827 Montell.

162 1968 372 2030 Species
400 1968 455 2015 in
486 1968 667 2016 formis
699 1969 919 2018 diversis
951 1985 1042 2033 per
1071 1975 1247 2017 totum
1277 1969 1602 2018 territorium
1633 1969 1933 2032 frequenter
1962 1971 2194 2034 dispersa

333 2047 432 2090 est.

628 2337 787 2390 1028.
847 2337 1254 2400 Potamogeton
1294 2350 1646 2401 compressus
1683 2341 1742 2391 L.

817 2411 897 2474 (P.
934 2412 1268 2474 zosterz'solius
1304 2411 1543 2476 Schum.)

163 2587 245 2635 Al
269 2586 517 2644 andia‚
574 2603 686 2650 par.
729 2588 952 2645 Saltvik,
992 2589 1047 2635 in
1084 2589 1205 2637 lacu
1245 2587 1441 2638 Tobble
1476 2591 1642 2638 treisk.
1701 2589 1761 2637 31
1805 2590 1902 2638 Iul.
1949 2587 2090 2639 1933.

1066 2735 1163 2797 leg.
1202 2736 1257 2785 C.
1298 2736 1639 2786 Cedercreutz
1676 2743 1729 2786 et
1767 2737 1828 2786 G.
1869 2727 2059 2797 Aberg.

162 2806 251 2855 Cfr
283 2823 336 2855 n.
376 2806 492 2856 433.

420 3057 579 3110 1029.
642 3058 1046 3122 Potamogeton
1105 3059 1461 3111 obtusifolius
1503 3063 1656 3110 Mert.
1693 3066 1747 3109 et
1784 3060 1937 3108 Koch

164 3235 198 3282 S
219 3251 250 3284 a
270 3251 304 3282 v
327 3251 358 3282 o
378 3236 449 3283 ni
473 3251 504 3284 a
557 3236 592 3284 b
614 3252 644 3284 o
668 3252 691 3283 r
711 3253 738 3285 e
760 3252 791 3285 a
811 3237 827 3283 1
847 3236 863 3284 i
885 3253 926 3292 S,
983 3252 1097 3299 par.
1132 3237 1438 3293 Maaninka,
1470 3237 1527 3284 in
1559 3236 1699 3285 fossa
1728 3237 1783 3284 in
1815 3237 2012 3300 palude
2040 3237 2197 3297 juxta

982 3323 1183 3372 pagum
1228 3310 1563 3372 Piiljzinkylfi.
1626 3310 1689 3358 30
1732 3310 1829 3358 Iul.
1878 3307 2024 3359 1918.

1461 3458 1560 3518 leg.
1599 3459 1660 3506 O.
1701 3457 2063 3517 Kyyhkynen.

167 3602 230 3647 In
259 3599 542 3650 Finlandia
572 3616 687 3650 raro
716 3601 920 3659 obvius,
951 3605 1041 3651 sed
1071 3618 1163 3664 per
1191 3603 1484 3652 maximam
1518 3609 1724 3665 partem
1752 3597 2035 3650 invenitur.
