2357 3984
513 311 672 364 1001.
738 310 1069 373 cystopteris
1107 310 1320 372 fragilis
1372 308 1470 372 (L.)
1510 307 1700 355 Bernh.

96 462 146 507 K
166 477 197 508 a
220 476 243 506 r
263 477 291 508 e
309 459 362 507 li
385 475 415 508 a
470 460 514 511 L
532 474 563 505 a
584 457 619 506 d
640 473 671 505 o
692 472 724 518 g
743 474 771 506 e
790 473 825 504 n
846 473 870 504 s
890 457 905 503 i
928 473 967 512 s,
1025 472 1136 518 par.
1157 455 1452 511 Sortavala‚
1475 453 1828 510 Kekrinlahti,
1846 455 1900 502 in
1917 454 2120 502 fissuris

1031 530 1244 591 rupium
1279 529 1332 577 in
1371 543 1601 576 nemore.
1665 526 1724 574 13
1764 528 1863 576 Iul.
1910 526 2052 576 1933.

1276 675 1373 735 leg.
1415 676 1481 722 K.
1520 673 1589 721 H.
1631 674 1986 722 Pankakoski.

96 829 191 873 Per
237 830 417 872 totum
464 822 789 871 territorium
840 822 1090 883 dispersa,
1141 821 1197 868 in
1250 820 1530 869 Finlandia
1581 819 1800 867 australi
1850 826 1903 868 et
1949 819 2123 869 media

259 897 388 945 satis
438 895 740 958 frequenter
788 901 883 943 aut
934 895 1135 956 passim
1184 894 1359 950 obvia,
1409 894 1465 941 in
1516 898 1667 955 parte
1717 893 1915 942 boreali
1965 899 2019 941 et
2067 893 2123 940 in

259 969 532 1033 Lapponia
574 969 885 1030 plerumque
929 968 1106 1024 rarior,
1152 969 1243 1016 sed
1283 982 1453 1029 usque
1494 968 1564 1015 ad
1606 980 1875 1014 summurn
1917 972 2123 1028 septen-

256 1044 486 1092 trionem
523 1042 873 1105 progreditur.

539 1291 698 1343 1002.
761 1290 1181 1353 struthiopteris
1219 1289 1554 1341 filieastrum
1593 1289 1694 1338 All.

93 1440 136 1488 T
156 1456 188 1488 a
208 1457 243 1488 v
264 1456 294 1488 a
315 1456 338 1487 s
358 1445 383 1487 t
403 1440 419 1486 i
442 1455 473 1487 a
528 1455 558 1487 a
577 1453 615 1486 u
634 1454 657 1485 s
678 1444 703 1486 t
726 1454 750 1485 r
771 1438 934 1493 alis,
992 1453 1104 1499 par.
1156 1436 1458 1496 Jokioinen‚
1508 1436 1624 1484 loco
1670 1436 1921 1483 umbroso
1968 1435 2125 1496 juxta

994 1510 1228 1558 rivulum
1247 1525 1408 1572 prope
1422 1510 1704 1571 templum.
1744 1508 1806 1556 22
1825 1510 1957 1570 Aug.
1982 1505 2124 1556 1917.

1388 1657 1485 1717 leg.
1526 1656 1576 1704 S.
1615 1655 1992 1704 Salmenlinna.

96 1800 157 1854 In
182 1806 462 1854 Finlandia
483 1805 703 1853 australi
725 1810 779 1853 et
801 1804 978 1853 media
999 1805 1308 1867 plerumque
1329 1803 1527 1865 passim
1557 1802 1638 1861 (——
1658 1802 1787 1850 satis
1808 1800 2125 1864 frequenter)

259 1880 489 1935 obviam,
524 1884 747 1940 excepta
780 1877 1024 1933 Alandia,
1056 1878 1152 1925 ubi
1186 1893 1300 1925 rara
1332 1893 1443 1924 esse
1473 1876 1700 1924 videtur.
1754 1877 1816 1922 In
1850 1874 2128 1923 Finlandia

257 1952 656 2015 septentrionali
698 1952 864 2000 etiam
907 1967 1039 2007 rara,
1081 1951 1136 1998 in
1178 1950 1453 2012 Lapponia
1495 1950 1777 2005 rarissima,
1819 1954 2034 1997 tantum
2073 1949 2127 1995 in

257 2027 500 2089 partibus
543 2025 982 2074 occidentalibus.

551 2275 712 2328 1003.
772 2274 1039 2326 Woodsia
1076 2274 1303 2326 ilvensis
1347 2273 1444 2337 (L.)
1486 2275 1550 2321 R.
1590 2276 1676 2321 ΒΥ.

96 2428 141 2472 R
162 2441 190 2473 e
210 2424 276 2485 gi
299 2440 330 2471 o
386 2425 431 2472 A
451 2424 485 2470 b
507 2440 537 2471 o
560 2427 586 2470 e
605 2438 641 2469 n
662 2439 685 2470 s
706 2422 722 2470 i
745 2438 785 2479 s,
843 2438 955 2484 par,
992 2421 1139 2483 Lojo,
1174 2422 1230 2469 in
1263 2420 1469 2468 fissuris
1506 2420 1716 2481 rupium
1752 2419 2129 2480 graniticarum

843 2496 900 2543 in
942 2495 1117 2543 insula
1163 2494 1373 2544 Storon.
1443 2494 1502 2542 15
1547 2493 1647 2541 Iul.
1698 2490 1843 2541 1916.

1331 2642 1429 2702 leg.
1468 2640 1673 2689 Harald
1708 2639 1992 2700 Lindberg.

95 2794 191 2839 Per
226 2795 405 2838 totum
441 2790 771 2838 territorium
811 2789 928 2851 plus
967 2789 1210 2837 minusve
1247 2787 1548 2850 frequenter
1585 2787 1821 2848 dispersa
1859 2792 1956 2834 est.

554 3054 716 3107 1004.
778 3054 1044 3106 Woodsia
1082 3053 1310 3104 ilvensis
1352 3052 1451 3115 (L.)
1493 3055 1556 3100 R.
1598 3055 1683 3100 Br.

97 3205 147 3249 N
167 3203 289 3261 yla
309 3218 343 3248 n
366 3202 436 3251 di
459 3219 506 3257 a,
564 3218 675 3324 gar.
711 3200 1130 3322 Esbocb2Bodom,
1165 3201 1220 3248 in
1253 3199 1457 3247 fissuris
1492 3199 1701 3260 rupium
1736 3197 2126 3259 graniticarum.

634 3275 780 3337 Sept.
824 3275 845 3322 1
924 3274 971 3322 Ο.

1400 3420 1499 3479 leg.
1540 3419 1594 3466 C.
1633 3418 1993 3466 Cedercreutz.

97 3493 183 3540 Cfr
218 3510 271 3541 n.
314 3494 458 3541 1003.
