2357 3984
221 244 274 285 38

328 360 488 411 1162.
553 361 806 412 stellaria
845 362 1114 423 palustris
1152 364 1350 425 (Murr.)
1391 368 1542 413 Retz.
1578 365 1616 414 f.
1648 366 1933 429 parviflom
1970 367 2095 415 Klet
2133 376 2183 416 et

776 436 956 485 Richt.
1002 437 1131 488 (var.
1171 437 1497 500 2721215c>ropetala
1536 437 1723 502 Krok).

215 584 249 634 S
273 601 302 632 a
323 602 358 632 V
382 601 411 631 o
434 600 468 630 n
490 584 504 631 i
531 602 560 632 a
615 585 649 631 b
674 601 703 631 o
727 601 749 631 r
772 602 798 632 e
822 585 886 633 al
911 586 924 632 i
949 602 972 632 s
998 627 1006 641 „
1068 602 1178 647 par.
1223 585 1528 641 Maaninka,
1570 586 1624 633 in
1666 601 1802 648 pago
1845 586 2179 648 Poljankyla,
2221 588 2275 636 in

1066 665 1220 780 {gaii-g)
1251 659 1305 705 in
1341 659 1454 721 ripa
1486 660 1634 708 lacus
1668 659 2022 722 Pitkanjarvi.
2084 659 2140 710 17
2173 663 2273 710 Iul.

1115 775 1126 779 γ’
1213 773 1220 781 ·
1529 809 1627 867 leg.
1668 809 1729 857 O.
1771 809 2136 868 Kyyhkyneu.

212 956 422 1017 Species
456 969 550 1018 per
581 961 759 1004 totam
794 956 1134 1004 Finlandiain
1170 956 1406 1018 dispersa
1441 962 1536 1011 est,
1573 957 1626 1002 in
1663 957 1937 1018 Lapponia
1970 962 2185 1005 tantum
2219 959 2276 1006 in'

380 1029 657 1093 Lapponia
693 1030 947 1077 Kemensi
982 1031 1122 1078 lecta
1158 1036 1254 1085 est3
1290 1029 1327 1078 f.
1363 1029 1644 1092 pam-istoru
1678 1036 1894 1078 tantum
1927 1030 2056 1078 locis
2092 1033 2275 1093 paucis

378 1102 671 1151 invenitur.

213 1323 373 1375 1163.
436 1323 692 1374 stellaria
731 1325 1069 1386 calycantha
1113 1327 1346 1389 (Ledeb.)
1394 1330 1560 1388 Bong.
1598 1337 1638 1376 ><
1677 1325 1728 1375 S.
1749 1324 2043 1384 longifolia
2068 1328 2273 1376 Mflhlb.

584 1400 655 1460 (S.
695 1400 994 1462 calycantha
1035 1404 1201 1461 Bong.
1228 1424 1279 1440 z
1309 1401 1363 1448 S.
1404 1400 1640 1464 alpestm's
1678 1402 1914 1464 Hartm.)

202 1551 250 1600 L
272 1566 302 1598 a
324 1565 359 1611 p
380 1550 561 1611 poni
589 1567 617 1597 a
677 1552 728 1596 K
751 1568 778 1597 e
799 1566 851 1597 m
878 1568 904 1597 e
925 1565 959 1596 n
983 1550 1041 1597 si
1066 1566 1104 1601 s,
1164 1566 1276 1612 par.
1331 1550 1563 1606 Muonio,
1618 1551 1671 1596 in
1725 1557 1880 1611 prato
1933 1566 2096 1612 prope
2149 1551 2270 1599 Ala-

1163 1623 1397 1671 muoniO.
1460 1622 1523 1671 26
1563 1625 1663 1671 Iul.
1710 1622 1854 1672 1917.

158 1799 160 1801 Ι
1665 1730 1762 1785 leg.
1805 1732 1853 1788 J.
1894 1729 2130 1777 Montell.

202 1800 296 1849 Cfr
330 1819 382 1849 n.
423 1801 536 1855 631,
580 1803 694 1850 632.

777 2023 938 2074 1164.
1005 2023 1316 2074 Cerastium
1357 2023 1612 2085 alpinum
1643 2028 1701 2077 L.

205 2175 258 2221 K
282 2191 310 2221 a
335 2189 358 2219 r
380 2191 406 2222 e
427 2174 442 2220 l
464 2174 479 2220 i
506 2192 533 2221 a
592 2177 633 2225 L
657 2192 685 2222 a
709 2176 740 2222 <l
766 2192 795 2221 o
820 2191 850 2235 g
872 2192 899 2223 e
920 2191 954 2221 n
978 2192 1000 2221 s
1022 2175 1037 2222 i
1061 2192 1100 2232 s,
1161 2191 1271 2236 par.
1308 2175 1603 2231 Sortavala,
1636 2175 1810 2222 insula
1842 2173 2264 2226 Haukkariutta.

1158 2250 1211 2296 in
1259 2248 1453 2297 declivi
1501 2264 1708 2297 saxoso.
1777 2248 1806 2296 3
1854 2248 1954 2296 Iul.
2008 2245 2152 2296 1932.

1413 2355 1510 2414 leg.
1553 2355 1620 2401 K.
1660 2356 1729 2400 H.
1771 2351 2128 2401 Pankakoski.

206 2456 269 2502 In
316 2456 594 2504 altioribus
640 2457 928 2519 Lapponia·
972 2457 1244 2504 montibus
1288 2473 1387 2504 nec
1429 2472 1535 2503 non
1579 2457 1633 2503 in
1679 2455 1956 2521 Lapponia
1999 2454 2267 2517 superiore

373 2529 693 2592 frequenter,
733 2531 788 2578 in
827 2531 1104 2595 Lapponia
1139 2530 1387 2579 inferiore
1424 2530 1736 2593 plerumque
1773 2529 1988 2592 passim,
2030 2535 2264 2577 ceterum

372 2604 427 2651 in
461 2604 743 2653 Finlandia
775 2604 1020 2653 orientali
1056 2619 1171 2653 raro
1204 2634 1266 2637 —
1304 2604 1566 2653 rarissime
1600 2604 1834 2658 obvium,
1870 2604 1961 2652 sed
1994 2617 2162 2665 usque
2196 2602 2265 2650 ad

375 2674 549 2726 61020'
589 2680 654 2727 ad
690 2679 961 2727 meridiem
997 2694 1179 2727 versus
1214 2679 1459 2726 occurritss

206 2898 367 2950 1165.
434 2899 743 2950 Cerastium
794 2900 1160 2961 eaespitosum
1210 2902 1311 2951 Gil.
1366 2903 1546 2964 subsp.
1605 2900 1660 2951 C.
1713 2900 1952 2961 alpestre
2007 2897 2258 2964 (Lindbl.)

1126 2979 1340 3024 Hartm.

204 3124 248 3173 L
272 3139 300 3171 a
322 3138 357 3185 p
377 3139 412 3185 p
435 3141 464 3169 o
487 3140 520 3170 n
542 3124 557 3170 i
583 3141 611 3171 a
672 3126 719 3169 K
745 3142 771 3171 e
795 3141 841 3171 m
869 3142 895 3172 e
917 3141 948 3170 n
974 3141 996 3171 s
1019 3125 1033 3171 i
1057 3142 1095 3179 s,
1156 3140 1266 3185 par.
1290 3124 1521 3179 Muonio‚
1546 3124 1600 3171 in
1624 3130 1778 3186 prato
1799 3124 1953 3185 juxta
1976 3126 2258 3187 templum.

1168 3196 1224 3245 17
1268 3198 1366 3245 Iul.
1416 3195 1558 3246 1915.

1654 3273 1752 3332 leg.
1793 3274 1820 3331 J
1835 3312 1842 3320 .
1882 3272 2119 3321 Montell.

206 3418 270 3464 In
318 3419 594 3482 Lapponia
642 3426 694 3467 et
749 3420 1025 3468 Finlandia
1073 3420 1475 3481 septentrionali
1524 3421 1721 3482 passim
1771 3426 1863 3468 aut
1913 3419 2114 3481 majore
2161 3419 2262 3467 fre-

376 3492 596 3554 quentia
639 3493 874 3550 obvium,
919 3494 975 3541 in
1019 3499 1171 3556 parte
1213 3493 1458 3542 orientali
1503 3493 1796 3543 Finlandiae
1836 3508 2004 3556 usque
2047 3493 2115 3542 ad
2157 3494 2258 3542 lac,

374 3567 590 3627 Ladoga
618 3568 965 3629 progreditur,
997 3567 1162 3616 etiam
1194 3567 1454 3616 rarissime
1480 3568 1534 3615 in
1565 3567 1780 3616 Karelia
1807 3567 2028 3616 australi
2056 3567 2262 3616 crescit.
