2357 3984
477 287 631 341 1792.
692 289 1091 352 Potamogeton
1118 289 1440 352 gramineus
1464 290 1522 340 L.
1578 300 1618 339 ><
1667 290 1726 341 P.
1757 292 1959 341 natans
1983 290 2041 341 L.

821 360 898 422 (P.
939 360 1343 424 sparganijolius
1378 362 1519 413 Laest
1529 361 1560 424 .)

244 509 657 569 Nylandia,
716 524 829 572 par.
875 508 1013 565 Iitti,
1056 509 1110 556 in
1154 509 1273 556 sinu
1319 509 1607 568 Pyhalahti
1649 510 1750 557 lac.
1793 508 2062 570 Urajiirvi,
2106 510 2274 560 fundo

710 598 944 638 arenoso,
982 582 1037 629 in
1075 597 1213 644 aqua
1251 599 1294 630 c.
1333 582 1418 630 Of)
1453 598 1507 628 m
1544 582 1825 645 profunda.
1884 581 1912 628 4
1950 584 2082 645 Aug.
2126 582 2273 633 1934.

1556 731 1654 791 leg.
1693 732 1844 779 Aune
1879 733 2138 780 Muroma.

243 878 520 939 Perpaucis
551 877 680 925 locis
710 877 765 924 in
800 877 1082 926 Finlandia
1114 879 1282 927 lectus
1315 884 1413 926 est.

638 1204 795 1256 1793.
857 1205 1260 1268 Potamogeton
1301 1206 1620 1269 praelongus
1656 1203 1886 1253 Wulfen.

242 1353 642 1407 Kuusamo,
700 1368 811 1416 par.
878 1353 1170 1408 Kuusamo,
1237 1352 1551 1409 Ala-Kitka,
1616 1352 1940 1410 Virtasalmi‚
2002 1353 2056 1400 in
2120 1368 2278 1416 aqua.

706 1426 726 1472 1
770 1425 869 1473 Iul.
914 1424 1059 1482 1936;
1096 1426 1257 1475 fruct.
1301 1424 1360 1473 19
1398 1426 1497 1475 Iul.
1541 1424 1684 1483 1936,
1722 1426 1821 1489 leg.
1861 1426 1923 1476 G.
1964 1427 2172 1476 Idman.

1482 1575 1581 1636 leg.
1619 1575 1823 1624 Harald
1859 1575 2141 1638 Lindberg.

248 1723 303 1768 In
325 1722 566 1785 plurimis
587 1723 831 1787 partibus
854 1723 1146 1772 Finlandiae
1167 1729 1221 1771 et
1244 1723 1529 1787 Lapponiae
1548 1723 1833 1779 invenitur,
1857 1725 1947 1772 sed
1970 1723 2278 1787 plerumque

374 1796 477 1843 nisi
513 1796 678 1844 rarior
709 1812 814 1844 non
851 1796 1056 1846 obvius,

780 2080 940 2133 1794.
1001 2080 1407 2144 Potamogeton
1448 2081 1642 2133 lucens
1671 2082 1731 2132 L.

243 2226 284 2274 T
304 2242 333 2275 a
353 2244 389 2275 v
411 2244 441 2275 a
462 2244 485 2275 s
506 2233 529 2275 t
550 2227 568 2274 i
590 2244 619 2275 a
675 2244 705 2275 a
725 2243 761 2274 u
781 2243 805 2275 s
825 2232 849 2275 t
873 2244 896 2275 r
917 2228 1082 2285 alis,
1140 2244 1251 2291 par.
1289 2228 1517 2285 Hollole„
1552 2228 1653 2278 lae.
1687 2227 1968 2289 Vesijzirvi,
2005 2229 2186 2285 Sarva,
2221 2228 2276 2275 in

1147 2318 1286 2364 aqua
1320 2319 1364 2351 e.
1403 2301 1431 2349 2
1464 2318 1518 2349 m
1551 2301 1836 2365 profunda.
1891 2301 1922 2350 6
1956 2303 2089 2364 Aug.
2130 2299 2274 2350 1935.

1466 2452 1563 2512 leg.
1603 2449 1844 2499 Tellervo
1880 2453 2139 2502 LevantO.

248 2599 303 2644 [n
326 2599 564 2660 plurimis
584 2599 828 2664 partibus
851 2598 1143 2649 Finlandiae
1165 2605 1219 2647 et
1241 2599 1526 2663 Lapponiae
1545 2599 1832 2655 invenitur,
1856 2600 1947 2647 sed
1969 2599 2279 2662 plerumque

372 2672 474 2720 nisi
514 2673 678 2720 rarior
712 2689 819 2721 non
857 2673 1064 2721 obvius.

709 2971 867 3024 1795.
929 2972 1335 3035 Potamogeton
1377 2970 1523 3022 Zizii
1551 2972 1632 3018 W.
1667 2976 1722 3018 et
1757 2972 1825 3018 K.

245 3118 593 3175 Alandia‚
647 3133 759 3182 par.
814 3118 1220 3240 Hamrglgland,
1272 3118 1327 3166 in
1379 3118 1500 3166 lacu
1554 3119 1854 3179 Lssmgtrzisk
1904 3116 2279 3180 copiosissime.

659 3191 721 3239 25
761 3193 894 3253 Aug.
941 3193 961 3240 1
1080 3232 1088 3241 .

1486 3341 1583 3400 leg.
1621 3339 1825 3388 Harald
1861 3339 2142 3399 Lindberg.

245 3487 334 3534 Cfr
360 3503 413 3535 n.
448 3486 563 3544 429,
595 3487 712 3536 430.
