2357 3984
2040 192 2147 233 235-

427 305 585 358 1880.
646 306 793 358 salix
831 317 1033 371 caprea
1068 312 1125 360 L.
1179 323 1212 357 ><
1286 308 1337 360 S.
1395 320 1593 371 repens
1646 308 1703 362 L.

100 454 177 502 Al
201 468 283 502 an
308 453 376 501 di
399 470 445 509 a,
504 469 614 517 par.
650 455 839 511 Ekerej,
875 468 994 517 pag.
1031 456 1185 517 Torp,
1219 457 1334 503 loco
1368 454 1758 504 humidiusculo
1788 456 1943 517 juxta
1976 457 2121 520 palu—

504 524 641 576 dem.
708 528 766 574 15
808 528 908 577 Iul.
955 526 1101 577 1943.

1330 677 1427 735 leg.
1464 677 1669 725 Harald
1705 677 1988 737 Lindberg.

96 820 391 882 Specimjna
425 821 714 870 distributa
748 840 811 870 ex
848 824 1033 872 eodem
1068 823 1253 871 arbore
1293 823 1335 879 <4
1374 839 1425 869 m
1462 823 1591 884 alta)
1627 829 1784 885 capta
1817 830 1958 871 sunt.

740 1129 898 1183 1881.
962 1132 1112 1184 Salix
1151 1133 1339 1184 aurita
1375 1136 1433 1185 L.

93 1279 143 1324 K
161 1293 197 1324 u
219 1293 253 1325 u
275 1294 299 1325 s
321 1295 352 1325 a
372 1294 426 1325 m
448 1295 493 1334 o,
552 1295 662 1341 par.
697 1281 989 1337 KuusamO,
1023 1280 1358 1342 Paanajzirvi,
1389 1281 1443 1328 in
1473 1282 1666 1342 palude
1690 1281 1846 1342 juxta
1874 1286 2123 1341 stagnum

554 1352 874 1415 Lohilampi.
943 1352 1004 1400 24
1052 1354 1151 1401 Iul.
1204 1352 1347 1402 1943.

1326 1502 1426 1562 leg.
1463 1502 1669 1550 Harald
1706 1501 1991 1562 Lindberg.

89 1647 151 1693 In
195 1645 475 1695 Finlandia
516 1648 737 1695 australi
779 1654 832 1695 et
875 1646 1051 1697 media
1089 1664 1259 1710 usque
1301 1650 1370 1697 ad
1412 1648 1503 1696 640
1544 1649 1847 1711 frequenter
1885 1678 1951 1682 —
1993 1649 2122 1696 satis

219 1719 524 1782 frequenter
549 1721 725 1777 obvia
752 1737 911 1784 supra
937 1723 1080 1770 hunc
1105 1720 1328 1783 gradum
1353 1723 1551 1785 passim
1576 1751 1642 1756 ——
1667 1722 1797 1771 satis
1821 1721 2122 1786 frequenter

218 1793 444 1843 inveniri
488 1793 774 1851 indicatum
821 1797 889 1844 ad
934 1796 1351 1857 septentrionem
1394 1812 1575 1845 versus
1619 1812 1787 1859 usque
1832 1797 1899 1845 ad
1946 1794 2119 1844 66045’

219 1869 357 1916 lecta
387 1874 484 1916 est.
532 1897 598 1902 —ffi
628 1869 927 1930 Specimina
955 1870 1244 1918 distributa
1271 1887 1336 1918 ex
1367 1872 1549 1919 eodem
1579 1870 1769 1918 frutice
1797 1876 1953 1932 capta
1981 1876 2122 1918 sunt.

465 2119 622 2171 1882.
684 2120 833 2172 Salix
872 2121 1057 2173 aurita
1102 2124 1160 2174 L.
1215 2138 1247 2169 ><
1313 2121 1577 2173 S.*livida
1613 2125 1725 2183 Wg.

87 2298 133 2343 R
153 2312 181 2343 e
202 2295 267 2356 gi
290 2312 321 2343 o
378 2298 423 2346 A
443 2296 477 2344 b
497 2312 529 2344 0
550 2301 577 2343 ἓ
596 2313 630 2344 n
652 2297 710 2345 si
731 2314 772 2354 s,
830 2314 941 2361 par.
971 2299 1184 2355 Tenala,
1215 2299 1403 2356 Seuk0‚
1432 2300 1486 2347 in
1513 2299 1764 2348 fruticeto
1789 2299 1844 2346 in
1871 2299 2108 2360 margine

836 2372 946 2433 agri
987 2372 1128 2421 inter
1168 2379 1431 2435 parentes.
1497 2372 1556 2421 12
1599 2373 1697 2421 Iul.
1747 2371 1888 2421 1942.

1320 2522 1418 2581 leg.
1457 2521 1662 2569 Harald
1701 2520 1989 2579 Lindberg.

83 2664 383 2726 Specimina
419 2666 709 2714 distributa
746 2685 808 2714 ex
845 2670 1026 2716 eodem
1067 2668 1259 2716 frutice
1295 2674 1452 2730 capta
1488 2675 1628 2716 sunt.

386 2989 544 3042 1883.
608 2991 756 3043 salix
796 2993 982 3044 aurita
1007 2997 1067 3045 L.
1118 3006 1155 3043 ><
1205 2994 1257 3046 S.
1297 2993 1663 3056 myrtilloides
1698 2996 1757 3045 L.

84 3137 483 3193 Kuusamo,
541 3154 653 3202 par.
703 3142 997 3197 KuusamQ
1048 3141 1382 3203 Paanajfirvi,
1427 3142 1567 3190 inter
1608 3140 1666 3190 fl.
1713 3140 2015 3202 Mantyjoki
2058 3145 2111 3188 et

541 3227 611 3260 m.
654 3213 801 3262 Pieni
839 3215 1259 3275 Mssintytunturi.
1319 3215 1382 3263 26
1421 3215 1519 3263 Iul.
1563 3212 1708 3263 1936.

1315 3363 1414 3424 leg.
1452 3362 1657 3411 Harald
1694 3360 1980 3421 Lindberg.

81 3500 379 3561 specimina
421 3504 709 3555 distributa
751 3523 816 3555 ex
859 3508 1046 3556 eodem
1087 3508 1280 3558 frutice
1321 3515 1480 3569 capta
1527 3516 1681 3555 sunt.
