2357 3984
352 420 511 471 1030.
574 417 980 480 Potamogeton
1038 415 1326 467 filiformis
1361 418 1501 465 Pers.
1538 414 1631 464 mf.
1670 413 1914 462 terrestris

110 570 189 618 Al
212 585 297 617 an
320 567 461 624 dia,
519 582 630 629 par.
686 565 875 621 Ekero,
934 563 1185 623 Storbyn,
1242 561 1566 618 Sandviken,
1619 561 1677 609 in
1726 561 1881 609 litore
1932 576 2149 610 arenoso

518 640 757 688 humido.
812 637 872 685 21
910 639 1028 686 Iun.
1070 633 1219 685 1933.

1352 782 1450 843 leg.
1487 780 1696 846 Harald
1732 780 2016 843 Lindberg.

106 935 194 986 Cfr
217 953 270 985 n.
300 933 381 992 28,
411 933 528 982 434.
575 936 638 980 In
663 932 798 981 mari
823 932 894 981 ad
917 931 1108 980 taenias
1134 929 1420 979 exteriores
1445 942 1583 990 saepe
1606 927 1909 990 frequenter
1931 956 1999 962 —-
2022 927 2154 977 satis

270 1008 573 1072 frequenter
604 1006 872 1070 praecipue
905 1004 975 1054 ad
1006 1020 1125 1053 oras
1159 1003 1435 1059 australes
1471 1003 1564 1051 sed
1597 1001 1845 1064 quamvis
1878 1001 2154 1050 deminuta

270 1082 571 1146 frequentia
629 1082 696 1130 ad
749 1093 1024 1128 summum
1079 1077 1496 1141 septentrionem
1552 1075 1813 1138 provenit,
1869 1075 1925 1122 in
1978 1074 2154 1123 taeniis
2182 1120 2185 1124 ,

268 1155 611 1206 interioribus
660 1154 840 1210 rarior;
884 1153 941 1201 in
987 1166 1130 1215 aqua
1176 1151 1319 1201 dulei
1364 1151 1419 1198 in
1468 1149 1723 1198 Tavastia
1769 1148 2006 1206 australi,
2052 1148 2153 1197 lac.

271 1229 551 1292 Vesijarvi,
572 1229 628 1277 in
647 1230 748 1278 lac,
773 1229 969 1288 Onega,
990 1227 1046 1274 in
1069 1224 1443 1275 Ostrobottnia
1464 1223 1775 1286 Kajanensi,
1796 1222 1852 1270 in
1874 1223 2154 1271 Kuusamo

269 1310 323 1353 et
355 1304 485 1352 locis
517 1302 788 1350 nonnullis
820 1302 875 1349 in
909 1300 1187 1364 Lapponia
1218 1300 1389 1348 lectus
1424 1303 1522 1347 est.

173 1734 332 1787 1031.
394 1731 800 1794 Potamogeton
842 1729 1130 1780 filiformis
1168 1732 1307 1778 Pers.
1372 1738 1412 1778 ><
1459 1726 1520 1779 P.
1562 1725 1862 1788 vaginatus
1898 1723 2085 1774 Turcz.

847 1803 927 1867 (P.
965 1803 1203 1866 sennicas
1237 1800 1481 1864 Hagstr.)

105 1959 237 2006 Ost
262 1954 628 2004 robottni
656 1970 686 2002 a
742 1958 915 2002 aust
942 1951 1152 2008 ralis,
1211 1965 1324 2013 par.
1390 1951 1643 2005 Korsnas‚
1708 1947 2035 2003 Harrstrom‚
2097 1945 2154 1993 in

1208 2024 1331 2072 sinu
1363 2023 1542 2071 maris,
1601 2021 1662 2070 10
1696 2022 1830 2082 Aug.
1870 2017 2017 2068 1929.

1511 2170 1609 2231 leg.
1650 2171 1711 2218 A.
1751 2166 2017 2221 Lindfors.

101 2325 337 2375 Tantum
362 2325 418 2372 in
448 2323 579 2373 Sinu
606 2322 836 2370 bottnici
863 2320 993 2369 locis
1020 2320 1205 2383 paucis
1231 2319 1402 2367 lectus
1429 2323 1527 2366 est.
1576 2320 1642 2365 N.
1674 2315 1771 2364 435
1798 2316 1862 2364 P.
1890 2312 2155 2376 filiformis

272 2402 412 2448 Pers,
445 2400 499 2454 ><
526 2398 589 2445 P.
620 2395 889 2459 vaginatus
930 2394 1117 2443 Turcz.
1152 2392 1276 2456 (det.
1307 2393 1369 2441 O.
1399 2394 1689 2452 Hagstrom
1723 2386 1867 2452 1911)
1897 2387 2154 2436 verisimi-

269 2472 390 2521 liter
427 2472 490 2520 P.
528 2470 819 2534 pectinatas
858 2470 918 2521 L.
976 2472 1030 2526 ><
1069 2467 1133 2516 P.
1175 2466 1443 2530 vaginatus
1482 2465 1667 2513 Turcz.
1715 2463 1869 2526 (teste
1909 2463 1970 2511 O.
2011 2460 2154 2522 Hag-

271 2549 438 2595 stro'm
482 2542 634 2609 1919)
675 2549 774 2593 est.

758 2955 918 3007 1032.
985 2954 1155 3017 Naias
1194 2952 1420 3004 marina
1457 2954 1517 3005 L.

112 3110 158 3155 R
180 3124 208 3155 e
229 3107 295 3169 gi
319 3122 350 3154 o
407 3107 453 3155 A
472 3105 507 3153 b
528 3122 560 3153 o
586 3107 613 3151 ἓ
631 3121 666 3152 n
688 3105 747 3151 si
770 3120 809 3160 s,
860 3119 971 3166 par.
1018 3104 1215 3164 Korpo,
1261 3099 1590 3162 Langviken,
1632 3099 1689 3146 in
1730 3113 1871 3160 aqua
1911 3096 2154 3144 subsalsa

861 3193 967 3225 non
997 3175 1279 3238 profunda,
1311 3173 1480 3222 fundo
1506 3173 1712 3221 limoso.
1765 3170 1795 3217 4
1825 3170 1968 3232 Sept.
2005 3166 2150 3217 1920.

1542 3319 1640 3380 leg.
1681 3319 1742 3367 O.
1782 3317 2016 3368 Eklund.

106 3475 168 3520 In
197 3471 433 3520 maribus
464 3471 758 3519 Finlandiae
787 3470 1035 3518 australis
1064 3474 1148 3517 sat
1179 3483 1294 3516 raro
1321 3466 1609 3521 invenitur;
1641 3465 1709 3513 ad
1736 3462 2152 3526 septentrionem

270 3560 453 3593 versus
488 3559 657 3606 usque
691 3545 761 3592 ad
798 3542 888 3591 630
930 3542 1006 3590 15'
1044 3541 1291 3590 occurrit.
1349 3541 1412 3587 In
1448 3537 1733 3587 Finlandia
1767 3550 2064 3598 numquam
2097 3534 2149 3582 in

274 3632 415 3680 aqua
451 3617 591 3666 dulci
628 3617 769 3665 lecta
805 3622 905 3664 est.
