2357 3984
663 410 821 462 1033.
883 411 1183 473 sagittaria
1221 412 1553 474 sagittifolia
1589 415 1648 466 L.

171 557 215 606 T
234 574 264 606 a
284 574 320 606 v
342 574 372 605 a
392 574 415 605 5
436 558 495 605 ti
520 574 551 605 a
604 574 635 605 a
655 572 691 605 u
711 574 735 605 5
760 563 779 605 t
802 573 826 604 r
847 558 913 605 al
933 558 948 605 i
974 574 997 604 5
1062 574 1172 620 par.
1213 559 1491 616 Vesilahti,
1533 559 1775 622 Ojoinen,
1813 560 1867 607 in
1906 561 2020 623 ripa
2055 562 2200 610 sinus

1070 632 1420 691 Pylkinlahti.
1479 631 1542 680 26
1579 634 1676 681 Iul.
1720 630 1863 682 1932.

1558 780 1655 840 leg.
1695 781 1759 827 N.
1799 779 2063 839 Sbyrinki.

165 924 228 970 In
278 923 514 970 maxima
562 928 714 985 parte
763 922 1057 973 Finlandiae
1106 925 1317 986 passim,
1368 925 1423 973 in
1472 926 1735 973 nonnullis
1782 931 1964 974 tamen
2013 927 2196 989 plagis,

330 995 594 1058 praecipue
637 995 693 1043 in
741 1001 893 1058 parte
939 997 1185 1045 orientali
1231 997 1532 1059 frequenter
1578 1004 1673 1047 aut
1720 999 1851 1047 satis
1898 998 2198 1062 frequenter

329 1068 589 1132 provenit.
645 1069 831 1121 Etiam
861 1070 917 1117 in
952 1071 1228 1133 Lapponia
1264 1072 1514 1119 Kemensi
1548 1071 1687 1120 lecta
1720 1079 1816 1120 est.
1873 1074 1934 1119 In
1971 1073 2199 1122 Alandia

332 1142 549 1191 incerta.

698 1391 858 1443 1034.
920 1390 1220 1454 sagittaria
1258 1394 1464 1444 natans
1503 1395 1676 1442 Pallas

163 1538 196 1588 S
217 1555 248 1587 a
267 1555 302 1587 v
324 1555 355 1587 o
375 1554 410 1586 n
430 1538 447 1586 i
472 1555 503 1587 a
556 1539 591 1586 b
613 1555 644 1587 o
666 1554 690 1586 r
708 1555 737 1587 e
758 1555 788 1587 a
807 1539 824 1586 1
845 1539 862 1586 i
884 1555 924 1595 5,
982 1555 1093 1601 par.
1134 1540 1474 1602 Leppavirta,
1517 1542 1756 1598 Konnus,
1799 1544 2193 1601 Konnuskoski‚

981 1612 1035 1660 in
1087 1613 1208 1660 sinu
1261 1628 1401 1676 aqua
1451 1614 1755 1677 tranquilla,
1812 1615 1877 1664 60
1929 1631 2013 1664 cm
2065 1617 2193 1665 alta.

985 1682 1051 1733 29
1089 1687 1188 1735 Iul.
1234 1684 1380 1735 1932.

1537 1834 1635 1896 leg.
1675 1836 1737 1883 A.
1776 1837 2057 1884 Vaarama.

160 1904 248 1955 Cfr
281 1921 334 1955 n.
373 1904 494 1954 440.

654 2125 812 2178 1035.
875 2125 1098 2178 Leersia
1136 2123 1422 2189 oryzo'u'des
1465 2128 1563 2190 (L.)
1604 2129 1702 2177 Sw.

160 2275 213 2321 K
233 2289 265 2322 a
286 2289 310 2320 r
329 2274 392 2321 el
413 2274 429 2320 i
453 2289 484 2321 3
536 2289 568 2322 3
587 2288 624 2321 u
644 2290 668 2321 5
688 2280 712 2321 t
736 2290 759 2321 r
779 2274 845 2322 al
865 2274 882 2322 i
905 2290 945 2331 5,
1006 2275 1171 2335 Kymi
1238 2274 1591 2338 (Kymmene),
1655 2276 1900 2332 Μῑ155310,
1961 2276 2015 2323 in
2077 2276 2191 2339 ripa

1001 2348 1188 2396 limosa
1239 2349 1537 2410 graminosa
1588 2350 1657 2397 ad
1707 2349 1904 2397 ostium
1953 2349 2191 2397 fluminis

1007 2422 1286 2484 Kymijoki
1314 2422 1758 2483 (Kymmenealv).
1801 2421 1864 2471 24
1886 2424 2017 2484 Aug.
2046 2420 2187 2470 1932.

1568 2570 1665 2631 leg.
1705 2571 1766 2618 A.
1804 2570 2053 2619 Ulvinen.

155 2714 346 2763 Planta
376 2714 640 2763 rarissima
667 2715 722 2762 in
754 2714 1051 2773 Finlandia,
1084 2716 1250 2764 etiam
1278 2717 1332 2764 in
1366 2717 1570 2765 Isthmo
1603 2717 1860 2773 Karelico,
1895 2718 1962 2765 ad
1992 2716 2185 2764 ostium

319 2786 556 2836 fluminis
598 2787 919 2847 systerback
956 2789 1094 2838 lecta
1135 2795 1232 2839 est.

669 3081 830 3134 1036.
891 3082 1146 3135 Phalaris
1185 3083 1569 3135 arundinaeea
1606 3085 1665 3136 L.

153 3227 198 3276 T
216 3244 247 3276 a
265 3244 302 3276 v
324 3245 354 3277 a
374 3245 398 3276 5
418 3229 478 3277 ti
501 3245 532 3277 a
586 3245 617 3278 3
636 3244 673 3277 u
692 3245 716 3277 5
736 3235 760 3277 1;
784 3246 807 3277 r
826 3247 858 3279 a
876 3230 894 3276 1
913 3230 930 3277 i
951 3246 992 3287 5,
1049 3246 1161 3293 par.
1225 3229 1430 3287 Teisko‚
1493 3231 1549 3278 in
1612 3231 1726 3292 ripa
1784 3230 1969 3278 insulae
2031 3231 2178 3277 Vaha

1054 3303 1410 3365 Kaljonsaari.
1480 3301 1544 3351 29
1592 3305 1689 3352 Iul.
1745 3300 1886 3352 1917.

1593 3451 1690 3511 leg.
1732 3452 1794 3498 R.
1835 3451 2041 3498 Idman.

149 3594 212 3641 In
251 3598 369 3642 tota
410 3593 690 3643 Finlandia
730 3600 784 3643 et
824 3596 1099 3658 Lapponia
1139 3596 1391 3659 dispersa.
